<?xml version="1.0" encoding="UTF-8"?>
<!DOCTYPE html PUBLIC "-//W3C//DTD XHTML 1.0 Transitional//EN"
    "http://www.w3.org/TR/xhtml1/DTD/xhtml1-transitional.dtd">
<html xmlns="http://www.w3.org/1999/xhtml" xml:lang="en" lang="en">
 <head>
  <title>
</title>
<meta http-equiv="Content-Type" content="text/html;charset=utf-8" />
  <meta name='ocr-system' content='tesseract 3.04.00' />
  <meta name='ocr-capabilities' content='ocr_page ocr_carea ocr_par ocr_line ocrx_word'/>
</head>
<body>
  <div class='ocr_page' id='page_1' title='image "benedictipapaex03xivgoog_0281.png"; bbox 0 0 2400 3996; ppageno 0'>
   <div class='ocr_carea' id='block_1_1' title="bbox 739 167 1791 258">
    <p class='ocr_par' dir='ltr' id='par_1_1' title="bbox 739 167 1791 258">
     <span class='ocr_line' id='line_1_1' title="bbox 739 167 1791 258; baseline 0.004 -25"><span class='ocrx_word' id='word_1_1' title='bbox 739 167 1194 235; x_wconf 65' lang='lat' dir='ltr'><strong>Rammium.</strong></span> <span class='ocrx_word' id='word_1_2' title='bbox 1550 204 1555 208; x_wconf 91' lang='lat'><strong>·</strong></span> <span class='ocrx_word' id='word_1_3' title='bbox 1666 173 1791 258; x_wconf 81' lang='lat'><strong>275</strong></span> 
     </span>
    </p>
   </div>
   <div class='ocr_carea' id='block_1_2' title="bbox 128 271 2193 3486">
    <p class='ocr_par' dir='ltr' id='par_1_2' title="bbox 128 271 2061 2936">
     <span class='ocr_line' id='line_1_2' title="bbox 143 271 2061 351; baseline 0.003 -16"><span class='ocrx_word' id='word_1_4' title='bbox 143 271 390 351; x_wconf 67' lang='lat' dir='ltr'><strong>cyclicae</strong></span> <span class='ocrx_word' id='word_1_5' title='bbox 439 271 542 335; x_wconf 85' lang='lat' dir='ltr'><strong>die</strong></span> <span class='ocrx_word' id='word_1_6' title='bbox 585 292 675 333; x_wconf 73' lang='grc' dir='ltr'><strong>ιιι.</strong></span> <span class='ocrx_word' id='word_1_7' title='bbox 726 274 1090 335; x_wconf 77' lang='lat' dir='ltr'><strong>Decembris</strong></span> <span class='ocrx_word' id='word_1_8' title='bbox 1120 275 1290 335; x_wconf 79' lang='lat' dir='ltr'><strong>Anni</strong></span> <span class='ocrx_word' id='word_1_9' title='bbox 1345 279 1694 337; x_wconf 84' lang='lat' dir='ltr'>MDCCXL.</span> <span class='ocrx_word' id='word_1_10' title='bbox 1756 299 1793 339; x_wconf 92' lang='lat' dir='ltr'><strong>a</strong></span> <span class='ocrx_word' id='word_1_11' title='bbox 1852 292 2061 343; x_wconf 71' lang='lat' dir='ltr'><strong>Anno</strong></span> 
     </span>
     <span class='ocr_line' id='line_1_3' title="bbox 143 351 2036 435; baseline -0.003 -23"><span class='ocrx_word' id='word_1_12' title='bbox 143 351 336 413; x_wconf 72' lang='lat' dir='ltr'><strong>Nobis</strong></span> <span class='ocrx_word' id='word_1_13' title='bbox 369 352 720 428; x_wconf 84' lang='lat' dir='ltr'><strong>conscripta</strong></span> <span class='ocrx_word' id='word_1_14' title='bbox 747 396 764 425; x_wconf 91' lang='lat'><strong>,</strong></span> <span class='ocrx_word' id='word_1_15' title='bbox 802 353 1030 431; x_wconf 72' lang='lat' dir='ltr'><strong>quaein</strong></span> <span class='ocrx_word' id='word_1_16' title='bbox 1055 352 1249 435; x_wconf 29' lang='lat' dir='ltr'><strong>‘meo</strong></span> <span class='ocrx_word' id='word_1_17' title='bbox 1279 352 1337 412; x_wconf 87' lang='lat' dir='ltr'><strong>I.</strong></span> <span class='ocrx_word' id='word_1_18' title='bbox 1380 351 1632 413; x_wconf 86' lang='lat' dir='ltr'><strong>Bullarii</strong></span> <span class='ocrx_word' id='word_1_19' title='bbox 1670 358 1791 414; x_wconf 88' lang='lat' dir='ltr'><strong>No·</strong></span> <span class='ocrx_word' id='word_1_20' title='bbox 1890 356 2036 427; x_wconf 78' lang='lat'><strong>1746.</strong></span> 
     </span>
     <span class='ocr_line' id='line_1_4' title="bbox 145 427 1795 505; baseline 0.002 -16"><span class='ocrx_word' id='word_1_21' title='bbox 145 431 256 489; x_wconf 86' lang='lat' dir='ltr'><strong>stri</strong></span> <span class='ocrx_word' id='word_1_22' title='bbox 299 449 386 488; x_wconf 87' lang='lat' dir='ltr'><strong>nu</strong></span> <span class='ocrx_word' id='word_1_23' title='bbox 469 449 502 487; x_wconf 93' lang='lat' dir='ltr'><strong>r</strong></span> <span class='ocrx_word' id='word_1_24' title='bbox 556 427 790 505; x_wconf 80' lang='lat' dir='ltr'><strong>vulgati</strong></span> <span class='ocrx_word' id='word_1_25' title='bbox 841 448 1012 485; x_wconf 83' lang='lat' dir='ltr'><strong>num.</strong></span> <span class='ocrx_word' id='word_1_26' title='bbox 1041 429 1129 486; x_wconf 86' lang='lat' dir='ltr'><strong>II.</strong></span> <span class='ocrx_word' id='word_1_27' title='bbox 1182 429 1478 505; x_wconf 84' lang='lat' dir='ltr'><strong>impressa</strong></span> <span class='ocrx_word' id='word_1_28' title='bbox 1520 440 1633 489; x_wconf 78' lang='lat' dir='ltr'><strong>est.</strong></span> <span class='ocrx_word' id='word_1_29' title='bbox 1674 432 1795 503; x_wconf 84' lang='lat' dir='ltr'><strong>Qui</strong></span> 
     </span>
     <span class='ocr_line' id='line_1_5' title="bbox 145 504 1795 581; baseline 0 -15"><span class='ocrx_word' id='word_1_30' title='bbox 145 516 354 566; x_wconf 85' lang='lat' dir='ltr'><strong>autem</strong></span> <span class='ocrx_word' id='word_1_31' title='bbox 435 506 714 565; x_wconf 87' lang='lat' dir='ltr'><strong>ominum</strong></span> <span class='ocrx_word' id='word_1_32' title='bbox 759 504 946 581; x_wconf 82' lang='lat' dir='ltr'><strong>corda</strong></span> <span class='ocrx_word' id='word_1_33' title='bbox 985 516 1299 566; x_wconf 82' lang='lat' dir='ltr'><strong>scrutatur</strong></span> <span class='ocrx_word' id='word_1_34' title='bbox 1337 511 1533 580; x_wconf 88' lang='lat' dir='ltr'><strong>Deus,</strong></span> <span class='ocrx_word' id='word_1_35' title='bbox 1574 507 1623 565; x_wconf 87' lang='lat' dir='ltr'><strong>is</strong></span> <span class='ocrx_word' id='word_1_36' title='bbox 1647 526 1795 567; x_wconf 87' lang='lat' dir='ltr'><strong>sane</strong></span> 
     </span>
     <span class='ocr_line' id='line_1_6' title="bbox 146 582 1797 657; baseline 0.001 -16"><span class='ocrx_word' id='word_1_37' title='bbox 146 582 326 643; x_wconf 84' lang='lat' dir='ltr'><strong>novit</strong></span> <span class='ocrx_word' id='word_1_38' title='bbox 359 626 379 655; x_wconf 91' lang='lat'><strong>,</strong></span> <span class='ocrx_word' id='word_1_39' title='bbox 428 591 667 657; x_wconf 80' lang='lat' dir='ltr'><strong>quanto</strong></span> <span class='ocrx_word' id='word_1_40' title='bbox 701 593 780 640; x_wconf 84' lang='lat' dir='ltr'><strong>et</strong></span> <span class='ocrx_word' id='word_1_41' title='bbox 834 601 1022 656; x_wconf 87' lang='lat' dir='ltr'><strong>quam</strong></span> <span class='ocrx_word' id='word_1_42' title='bbox 1088 582 1313 641; x_wconf 84' lang='lat' dir='ltr'><strong>acerbo</strong></span> <span class='ocrx_word' id='word_1_43' title='bbox 1362 583 1553 643; x_wconf 85' lang='lat' dir='ltr'><strong>animi</strong></span> <span class='ocrx_word' id='word_1_44' title='bbox 1587 586 1797 643; x_wconf 87' lang='lat' dir='ltr'><strong>Nostri</strong></span> 
     </span>
     <span class='ocr_line' id='line_1_7' title="bbox 147 656 1796 735; baseline 0.001 -16"><span class='ocrx_word' id='word_1_45' title='bbox 147 656 368 719; x_wconf 87' lang='lat' dir='ltr'><strong>dolore</strong></span> <span class='ocrx_word' id='word_1_46' title='bbox 403 676 852 735; x_wconf 85' lang='lat' dir='ltr'><strong>nonuunquam</strong></span> <span class='ocrx_word' id='word_1_47' title='bbox 878 662 1289 734; x_wconf 79' lang='lat' dir='ltr'>acceperimus</span> <span class='ocrx_word' id='word_1_48' title='bbox 1306 702 1323 733; x_wconf 91' lang='lat'><strong>,</strong></span> <span class='ocrx_word' id='word_1_49' title='bbox 1351 657 1796 720; x_wconf 86' lang='lat' dir='ltr'><strong>Ecclesiasticas</strong></span> 
     </span>
     <span class='ocr_line' id='line_1_8' title="bbox 145 732 1797 813; baseline 0.001 -18"><span class='ocrx_word' id='word_1_50' title='bbox 145 738 236 795; x_wconf 75' lang='lat' dir='ltr'><strong>Re</strong></span> <span class='ocrx_word' id='word_1_51' title='bbox 279 732 414 795; x_wconf 80' lang='lat' dir='ltr'><strong>ulas</strong></span> <span class='ocrx_word' id='word_1_52' title='bbox 441 734 544 794; x_wconf 75' lang='lat' dir='ltr'><strong>ab</strong></span> <span class='ocrx_word' id='word_1_53' title='bbox 582 733 792 809; x_wconf 80' lang='lat' dir='ltr'><strong>aliquo</strong></span> <span class='ocrx_word' id='word_1_54' title='bbox 848 754 919 793; x_wconf 79' lang='lat' dir='ltr'><strong>ex</strong></span> <span class='ocrx_word' id='word_1_55' title='bbox 971 735 1293 795; x_wconf 79' lang='lat' dir='ltr'><strong>Fratribus</strong></span> <span class='ocrx_word' id='word_1_56' title='bbox 1348 734 1466 795; x_wconf 88' lang='lat' dir='ltr'><strong>hac</strong></span> <span class='ocrx_word' id='word_1_57' title='bbox 1506 736 1573 795; x_wconf 88' lang='lat' dir='ltr'><strong>in</strong></span> <span class='ocrx_word' id='word_1_58' title='bbox 1618 746 1797 813; x_wconf 87' lang='lat' dir='ltr'><strong>parte</strong></span> 
     </span>
     <span class='ocr_line' id='line_1_9' title="bbox 147 810 1794 887; baseline -0.001 -14"><span class='ocrx_word' id='word_1_59' title='bbox 147 811 254 873; x_wconf 79' lang='lat' dir='ltr'><strong>vio</strong></span> <span class='ocrx_word' id='word_1_60' title='bbox 281 811 412 882; x_wconf 85' lang='lat' dir='ltr'><strong>ari,</strong></span> <span class='ocrx_word' id='word_1_61' title='bbox 443 820 508 871; x_wconf 85' lang='lat' dir='ltr'><strong>et</strong></span> <span class='ocrx_word' id='word_1_62' title='bbox 541 822 920 887; x_wconf 78' lang='lat' dir='ltr'><strong>quantopere</strong></span> <span class='ocrx_word' id='word_1_63' title='bbox 957 810 1373 872; x_wconf 80' lang='lat' dir='ltr'><strong>studuerimus</strong></span> <span class='ocrx_word' id='word_1_64' title='bbox 1402 854 1419 885; x_wconf 89' lang='lat'><strong>,</strong></span> <span class='ocrx_word' id='word_1_65' title='bbox 1470 831 1641 871; x_wconf 88' lang='lat' dir='ltr'><strong>nunc</strong></span> <span class='ocrx_word' id='word_1_66' title='bbox 1688 812 1794 872; x_wconf 87' lang='lat' dir='ltr'><strong>ad-</strong></span> 
     </span>
     <span class='ocr_line' id='line_1_10' title="bbox 147 886 1795 965; baseline 0.001 -17"><span class='ocrx_word' id='word_1_67' title='bbox 147 886 468 948; x_wconf 80' lang='lat' dir='ltr'><strong>monendo</strong></span> <span class='ocrx_word' id='word_1_68' title='bbox 486 930 504 962; x_wconf 95' lang='lat'><strong>,</strong></span> <span class='ocrx_word' id='word_1_69' title='bbox 533 888 698 947; x_wconf 79' lang='lat' dir='ltr'><strong>nuuc</strong></span> <span class='ocrx_word' id='word_1_70' title='bbox 725 887 1138 961; x_wconf 86' lang='lat' dir='ltr'><strong>obsecrando,</strong></span> <span class='ocrx_word' id='word_1_71' title='bbox 1167 906 1335 947; x_wconf 89' lang='lat' dir='ltr'><strong>nunc</strong></span> <span class='ocrx_word' id='word_1_72' title='bbox 1369 888 1749 965; x_wconf 86' lang='lat' dir='ltr'><strong>increpando</strong></span> <span class='ocrx_word' id='word_1_73' title='bbox 1778 935 1795 963; x_wconf 90' lang='lat'>‚</span> 
     </span>
     <span class='ocr_line' id='line_1_11' title="bbox 152 964 1813 1044; baseline 0.002 -21"><span class='ocrx_word' id='word_1_74' title='bbox 152 964 444 1042; x_wconf 80' lang='lat' dir='ltr'><strong>absentes</strong></span> <span class='ocrx_word' id='word_1_75' title='bbox 507 964 759 1044; x_wconf 76' lang='lat' dir='ltr'><strong>quidem</strong></span> <span class='ocrx_word' id='word_1_76' title='bbox 817 984 930 1040; x_wconf 89' lang='lat' dir='ltr'><strong>per</strong></span> <span class='ocrx_word' id='word_1_77' title='bbox 965 966 1237 1037; x_wconf 79' lang='lat' dir='ltr'><strong>Literas‚</strong></span> <span class='ocrx_word' id='word_1_78' title='bbox 1276 977 1605 1040; x_wconf 73' lang='lat' dir='ltr'><strong>praesentes</strong></span> <span class='ocrx_word' id='word_1_79' title='bbox 1648 966 1813 1026; x_wconf 77' lang='lat' dir='ltr'><strong>vero&#39;</strong></span> 
     </span>
     <span class='ocr_line' id='line_1_12' title="bbox 152 1040 1796 1117; baseline 0.003 -19"><span class='ocrx_word' id='word_1_80' title='bbox 152 1042 284 1117; x_wconf 87' lang='lat' dir='ltr'><strong>ipsa</strong></span> <span class='ocrx_word' id='word_1_81' title='bbox 337 1058 490 1101; x_wconf 82' lang='lat' dir='ltr'><strong>voce</strong></span> <span class='ocrx_word' id='word_1_82' title='bbox 531 1040 608 1099; x_wconf 83' lang='lat' dir='ltr'><strong>ad</strong></span> <span class='ocrx_word' id='word_1_83' title='bbox 651 1040 932 1100; x_wconf 86' lang='lat' dir='ltr'><strong>debitum</strong></span> <span class='ocrx_word' id='word_1_84' title='bbox 971 1040 1337 1099; x_wconf 79' lang='lat' dir='ltr'><strong>Residentiae</strong></span> <span class='ocrx_word' id='word_1_85' title='bbox 1380 1040 1665 1102; x_wconf 88' lang='lat' dir='ltr'><strong>Officium</strong></span> <span class='ocrx_word' id='word_1_86' title='bbox 1700 1063 1796 1103; x_wconf 80' lang='lat' dir='ltr'><strong>re·</strong></span> 
     </span>
     <span class='ocr_line' id='line_1_13' title="bbox 151 1116 1799 1191; baseline 0.002 -16"><span class='ocrx_word' id='word_1_87' title='bbox 151 1135 400 1175; x_wconf 82' lang='lat' dir='ltr'><strong>vocare.</strong></span> <span class='ocrx_word' id='word_1_88' title='bbox 435 1118 600 1191; x_wconf 89' lang='lat' dir='ltr'><strong>Quin</strong></span> <span class='ocrx_word' id='word_1_89' title='bbox 625 1118 810 1176; x_wconf 83' lang='lat' dir='ltr'><strong>etiam</strong></span> <span class='ocrx_word' id='word_1_90' title='bbox 839 1116 1261 1177; x_wconf 82' lang='lat' dir='ltr'><strong>laudabilibus</strong></span> <span class='ocrx_word' id='word_1_91' title='bbox 1286 1116 1799 1179; x_wconf 73' lang='lat' dir='ltr'><strong>Praedecessorum</strong></span> 
     </span>
     <span class='ocr_line' id='line_1_14' title="bbox 153 1193 1801 1269; baseline 0.001 -16"><span class='ocrx_word' id='word_1_92' title='bbox 153 1196 520 1253; x_wconf 81' lang='lat' dir='ltr'><strong>Nostrorum</strong></span> <span class='ocrx_word' id='word_1_93' title='bbox 565 1194 844 1269; x_wconf 81' lang='lat' dir='ltr'><strong>‘vestigiis</strong></span> <span class='ocrx_word' id='word_1_94' title='bbox 893 1193 1265 1253; x_wconf 66' lang='lat' dir='ltr'><strong>inhaerentes</strong></span> <span class='ocrx_word' id='word_1_95' title='bbox 1294 1237 1312 1265; x_wconf 93' lang='lat'><strong>,</strong></span> <span class='ocrx_word' id='word_1_96' title='bbox 1358 1194 1425 1251; x_wconf 87' lang='lat' dir='ltr'><strong>in</strong></span> <span class='ocrx_word' id='word_1_97' title='bbox 1468 1198 1688 1254; x_wconf 84' lang='lat' dir='ltr'><strong>Nostra</strong></span> <span class='ocrx_word' id='word_1_98' title='bbox 1738 1206 1801 1255; x_wconf 82' lang='lat' dir='ltr'><strong>et</strong></span> 
     </span>
     <span class='ocr_line' id='line_1_15' title="bbox 157 1267 1801 1346; baseline 0.001 -17"><span class='ocrx_word' id='word_1_99' title='bbox 157 1267 556 1329; x_wconf 82' lang='lat' dir='ltr'><strong>Cancellariae</strong></span> <span class='ocrx_word' id='word_1_100' title='bbox 597 1267 960 1346; x_wconf 83' lang='lat' dir='ltr'><strong>Apostolieae</strong></span> <span class='ocrx_word' id='word_1_101' title='bbox 1012 1268 1245 1346; x_wconf 86' lang='lat' dir='ltr'><strong>Regula</strong></span> <span class='ocrx_word' id='word_1_102' title='bbox 1264 1312 1283 1341; x_wconf 88' lang='lat'><strong>,</strong></span> <span class='ocrx_word' id='word_1_103' title='bbox 1368 1288 1459 1327; x_wconf 81' lang='lat' dir='ltr'><strong>uae</strong></span> <span class='ocrx_word' id='word_1_104' title='bbox 1500 1271 1801 1331; x_wconf 84' lang='lat' dir='ltr'><strong>Beneficia</strong></span> 
     </span>
     <span class='ocr_line' id='line_1_16' title="bbox 155 1342 1802 1407; baseline 0.001 -2"><span class='ocrx_word' id='word_1_105' title='bbox 155 1342 576 1405; x_wconf 82' lang='lat' dir='ltr'><strong>Ecclesiastica</strong></span> <span class='ocrx_word' id='word_1_106' title='bbox 622 1347 688 1405; x_wconf 91' lang='lat' dir='ltr'><strong>in</strong></span> <span class='ocrx_word' id='word_1_107' title='bbox 737 1356 878 1405; x_wconf 90' lang='lat' dir='ltr'><strong>octo</strong></span> <span class='ocrx_word' id='word_1_108' title='bbox 941 1347 1091 1404; x_wconf 87' lang='lat' dir='ltr'><strong>anni</strong></span> <span class='ocrx_word' id='word_1_109' title='bbox 1143 1346 1337 1403; x_wconf 87' lang='lat' dir='ltr'><strong>mensi</strong></span> <span class='ocrx_word' id='word_1_110' title='bbox 1388 1365 1456 1404; x_wconf 91' lang='lat' dir='ltr'><strong>us</strong></span> <span class='ocrx_word' id='word_1_111' title='bbox 1505 1358 1802 1407; x_wconf 72' lang='lat' dir='ltr'><strong>vacatura</strong></span> 
     </span>
     <span class='ocr_line' id='line_1_17' title="bbox 159 1418 1801 1498; baseline 0.002 -18"><span class='ocrx_word' id='word_1_112' title='bbox 159 1425 392 1483; x_wconf 78' lang='lat' dir='ltr'><strong>Nostrae</strong></span> <span class='ocrx_word' id='word_1_113' title='bbox 427 1422 814 1498; x_wconf 77' lang='lat' dir='ltr'><strong>dispositioni</strong></span> <span class='ocrx_word' id='word_1_114' title='bbox 855 1431 924 1480; x_wconf 85' lang='lat' dir='ltr'><strong>et·</strong></span> <span class='ocrx_word' id='word_1_115' title='bbox 957 1418 1269 1481; x_wconf 87' lang='lat' dir='ltr'><strong>collationi</strong></span> <span class='ocrx_word' id='word_1_116' title='bbox 1311 1424 1758 1483; x_wconf 75' lang='lat' dir='ltr'><strong>reservavimus</strong></span> <span class='ocrx_word' id='word_1_117' title='bbox 1784 1469 1801 1497; x_wconf 89' lang='lat'>‚</span> 
     </span>
     <span class='ocr_line' id='line_1_18' title="bbox 159 1496 1801 1576; baseline 0.002 -21"><span class='ocrx_word' id='word_1_118' title='bbox 159 1496 337 1573; x_wconf 86' lang='lat' dir='ltr'><strong>simul</strong></span> <span class='ocrx_word' id='word_1_119' title='bbox 373 1499 556 1559; x_wconf 86' lang='lat' dir='ltr'><strong>etiam</strong></span> <span class='ocrx_word' id='word_1_120' title='bbox 585 1498 815 1558; x_wconf 86' lang='lat' dir='ltr'><strong>eisdem</strong></span> <span class='ocrx_word' id='word_1_121' title='bbox 838 1497 1208 1559; x_wconf 86' lang='lat' dir='ltr'><strong>Patriarchis</strong></span> <span class='ocrx_word' id='word_1_122' title='bbox 1226 1542 1242 1569; x_wconf 92' lang='lat'><strong>‚</strong></span> <span class='ocrx_word' id='word_1_123' title='bbox 1276 1497 1801 1576; x_wconf 78' lang='lat' dir='ltr'><strong>Archiepiscopis‚</strong></span> 
     </span>
     <span class='ocr_line' id='line_1_19' title="bbox 161 1573 1805 1651; baseline 0.002 -18"><span class='ocrx_word' id='word_1_124' title='bbox 161 1584 220 1633; x_wconf 91' lang='lat' dir='ltr'><strong>et</strong></span> <span class='ocrx_word' id='word_1_125' title='bbox 259 1576 573 1651; x_wconf 86' lang='lat' dir='ltr'><strong>Episcopis</strong></span> <span class='ocrx_word' id='word_1_126' title='bbox 630 1573 1042 1635; x_wconf 72' lang='lat' dir='ltr'><strong>residentibus</strong></span> <span class='ocrx_word' id='word_1_127' title='bbox 1099 1574 1359 1651; x_wconf 84' lang='lat' dir='ltr'><strong>gratiam</strong></span> <span class='ocrx_word' id='word_1_128' title='bbox 1418 1573 1805 1636; x_wconf 71' lang='lat' dir='ltr'><strong>alternativae</strong></span> 
     </span>
     <span class='ocr_line' id='line_1_20' title="bbox 159 1650 1801 1723; baseline 0.001 -12"><span class='ocrx_word' id='word_1_129' title='bbox 159 1651 506 1723; x_wconf 83' lang='lat' dir='ltr'><strong>mensium,</strong></span> <span class='ocrx_word' id='word_1_130' title='bbox 561 1653 743 1711; x_wconf 85' lang='lat' dir='ltr'><strong>certis</strong></span> <span class='ocrx_word' id='word_1_131' title='bbox 801 1650 984 1711; x_wconf 86' lang='lat' dir='ltr'><strong>modo</strong></span> <span class='ocrx_word' id='word_1_132' title='bbox 1037 1662 1100 1711; x_wconf 88' lang='lat' dir='ltr'><strong>et</strong></span> <span class='ocrx_word' id='word_1_133' title='bbox 1145 1651 1343 1710; x_wconf 84' lang='lat' dir='ltr'><strong>forma</strong></span> <span class='ocrx_word' id='word_1_134' title='bbox 1390 1650 1471 1710; x_wconf 86' lang='lat' dir='ltr'><strong>ab</strong></span> <span class='ocrx_word' id='word_1_135' title='bbox 1512 1653 1585 1713; x_wconf 87' lang='lat' dir='ltr'><strong>iis</strong></span> <span class='ocrx_word' id='word_1_136' title='bbox 1634 1669 1801 1713; x_wconf 81' lang='lat' dir='ltr'><strong>acee-</strong></span> 
     </span>
     <span class='ocr_line' id='line_1_21' title="bbox 128 1724 1799 1805; baseline 0 -16"><span class='ocrx_word' id='word_1_137' title='bbox 128 1742 140 1747; x_wconf 77' lang='grc'><em>“</em></span> <span class='ocrx_word' id='word_1_138' title='bbox 161 1727 454 1804; x_wconf 82' lang='lat' dir='ltr'><strong>ptandam</strong></span> <span class='ocrx_word' id='word_1_139' title='bbox 472 1772 490 1800; x_wconf 93' lang='lat'><strong>,</strong></span> <span class='ocrx_word' id='word_1_140' title='bbox 509 1724 775 1788; x_wconf 78' lang='lat' dir='ltr'><strong>libenter</strong></span> <span class='ocrx_word' id='word_1_141' title='bbox 793 1726 1130 1788; x_wconf 86' lang='lat' dir='ltr'><strong>obtulimus</strong></span> <span class='ocrx_word' id='word_1_142' title='bbox 1151 1749 1168 1805; x_wconf 83' lang='lat'><em>3</em></span> <span class='ocrx_word' id='word_1_143' title='bbox 1188 1728 1481 1787; x_wconf 88' lang='lat' dir='ltr'><strong>nimirum</strong></span> <span class='ocrx_word' id='word_1_144' title='bbox 1494 1738 1565 1787; x_wconf 88' lang='lat' dir='ltr'><strong>ut</strong></span> <span class='ocrx_word' id='word_1_145' title='bbox 1586 1748 1799 1805; x_wconf 80' lang='lat' dir='ltr'><strong>quam-</strong></span> 
     </span>
     <span class='ocr_line' id='line_1_22' title="bbox 163 1801 1803 1880; baseline 0.001 -15"><span class='ocrx_word' id='word_1_146' title='bbox 163 1803 264 1865; x_wconf 85' lang='lat' dir='ltr'><strong>diu</strong></span> <span class='ocrx_word' id='word_1_147' title='bbox 299 1804 424 1880; x_wconf 83' lang='lat' dir='ltr'><strong>ipsi</strong></span> <span class='ocrx_word' id='word_1_148' title='bbox 461 1803 627 1878; x_wconf 89' lang='lat' dir='ltr'><strong>apud</strong></span> <span class='ocrx_word' id='word_1_149' title='bbox 667 1801 960 1864; x_wconf 85' lang='lat' dir='ltr'><strong>Ecclesias</strong></span> <span class='ocrx_word' id='word_1_150' title='bbox 999 1814 1109 1864; x_wconf 88' lang='lat' dir='ltr'><strong>aut</strong></span> <span class='ocrx_word' id='word_1_151' title='bbox 1145 1806 1439 1864; x_wconf 83' lang='lat' dir='ltr'><strong>Dioeceses</strong></span> <span class='ocrx_word' id='word_1_152' title='bbox 1478 1824 1617 1864; x_wconf 89' lang='lat' dir='ltr'><strong>suas</strong></span> <span class='ocrx_word' id='word_1_153' title='bbox 1656 1826 1803 1868; x_wconf 84' lang='lat' dir='ltr'><strong>vere</strong></span> 
     </span>
     <span class='ocr_line' id='line_1_23' title="bbox 164 1877 1801 1961; baseline 0.001 -20"><span class='ocrx_word' id='word_1_154' title='bbox 164 1890 222 1941; x_wconf 84' lang='lat' dir='ltr'><strong>et</strong></span> <span class='ocrx_word' id='word_1_155' title='bbox 252 1877 666 1956; x_wconf 73' lang='lat' dir='ltr'><strong>personaliter</strong></span> <span class='ocrx_word' id='word_1_156' title='bbox 705 1880 1076 1953; x_wconf 72' lang='lat' dir='ltr'><strong>residerent,</strong></span> <span class='ocrx_word' id='word_1_157' title='bbox 1122 1880 1200 1939; x_wconf 89' lang='lat' dir='ltr'><strong>de</strong></span> <span class='ocrx_word' id='word_1_158' title='bbox 1242 1880 1554 1941; x_wconf 85' lang='lat' dir='ltr'><strong>Beneficiis</strong></span> <span class='ocrx_word' id='word_1_159' title='bbox 1592 1881 1801 1961; x_wconf 75' lang='lat' dir='ltr'><strong>hujus-</strong></span> 
     </span>
     <span class='ocr_line' id='line_1_24' title="bbox 163 1954 1801 2032; baseline 0.002 -16"><span class='ocrx_word' id='word_1_160' title='bbox 163 1956 324 2016; x_wconf 80' lang='lat' dir='ltr'><strong>uiodi</strong></span> <span class='ocrx_word' id='word_1_161' title='bbox 377 1954 843 2032; x_wconf 83' lang='lat' dir='ltr'><strong>Ecclesiastieis,</strong></span> <span class='ocrx_word' id='word_1_162' title='bbox 923 1976 1018 2016; x_wconf 84' lang='lat' dir='ltr'><strong>uae</strong></span> <span class='ocrx_word' id='word_1_163' title='bbox 1059 1966 1229 2016; x_wconf 81' lang='lat' dir='ltr'><strong>extra</strong></span> <span class='ocrx_word' id='word_1_164' title='bbox 1276 1960 1619 2018; x_wconf 82' lang='lat' dir='ltr'><strong>Romanam</strong></span> <span class='ocrx_word' id='word_1_165' title='bbox 1678 1964 1801 2021; x_wconf 89' lang='lat' dir='ltr'><strong>Gu-</strong></span> 
     </span>
     <span class='ocr_line' id='line_1_25' title="bbox 165 2030 1801 2109; baseline 0.002 -16"><span class='ocrx_word' id='word_1_166' title='bbox 165 2037 314 2094; x_wconf 86' lang='lat' dir='ltr'><strong>riam</strong></span> <span class='ocrx_word' id='word_1_167' title='bbox 358 2034 423 2093; x_wconf 88' lang='lat' dir='ltr'><strong>in</strong></span> <span class='ocrx_word' id='word_1_168' title='bbox 471 2032 836 2106; x_wconf 85' lang='lat' dir='ltr'><strong>Februarii,</strong></span> <span class='ocrx_word' id='word_1_169' title='bbox 879 2053 912 2091; x_wconf 90' lang='lat' dir='ltr'><strong>a</strong></span> <span class='ocrx_word' id='word_1_170' title='bbox 940 2033 1134 2109; x_wconf 87' lang='lat' dir='ltr'><strong>iisque</strong></span> <span class='ocrx_word' id='word_1_171' title='bbox 1159 2030 1412 2092; x_wconf 86' lang='lat' dir='ltr'><strong>alternis</strong></span> <span class='ocrx_word' id='word_1_172' title='bbox 1452 2036 1602 2093; x_wconf 87' lang='lat' dir='ltr'><strong>anni</strong></span> <span class='ocrx_word' id='word_1_173' title='bbox 1633 2055 1801 2096; x_wconf 86' lang='lat' dir='ltr'><strong>men-</strong></span> 
     </span>
     <span class='ocr_line' id='line_1_26' title="bbox 164 2107 1801 2188; baseline -0.001 -18"><span class='ocrx_word' id='word_1_174' title='bbox 164 2109 326 2172; x_wconf 83' lang='lat' dir='ltr'><strong>sibus</strong></span> <span class='ocrx_word' id='word_1_175' title='bbox 353 2129 570 2170; x_wconf 83' lang='lat' dir='ltr'><strong>vacare</strong></span> <span class='ocrx_word' id='word_1_176' title='bbox 609 2111 994 2185; x_wconf 78' lang='lat' dir='ltr'><strong>contingeret</strong></span> <span class='ocrx_word' id='word_1_177' title='bbox 1013 2153 1030 2180; x_wconf 91' lang='lat'><strong>,</strong></span> <span class='ocrx_word' id='word_1_178' title='bbox 1057 2107 1396 2168; x_wconf 85' lang='lat' dir='ltr'><strong>dummodo</strong></span> <span class='ocrx_word' id='word_1_179' title='bbox 1418 2109 1569 2168; x_wconf 66' lang='lat' dir='ltr'><strong>alias</strong></span> <span class='ocrx_word' id='word_1_180' title='bbox 1604 2110 1801 2188; x_wconf 88' lang='lat' dir='ltr'><strong>dispo·</strong></span> 
     </span>
     <span class='ocr_line' id='line_1_27' title="bbox 165 2183 1807 2263; baseline 0.001 -17"><span class='ocrx_word' id='word_1_181' title='bbox 165 2186 376 2248; x_wconf 87' lang='lat' dir='ltr'><strong>sitioni</strong></span> <span class='ocrx_word' id='word_1_182' title='bbox 438 2185 806 2263; x_wconf 80' lang='lat' dir='ltr'><strong>Apostolicae</strong></span> <span class='ocrx_word' id='word_1_183' title='bbox 868 2195 1176 2248; x_wconf 82' lang='lat' dir='ltr'><strong>reservata</strong></span> <span class='ocrx_word' id='word_1_184' title='bbox 1248 2183 1345 2244; x_wconf 86' lang='lat' dir='ltr'><strong>vel</strong></span> <span class='ocrx_word' id='word_1_185' title='bbox 1404 2185 1621 2245; x_wconf 84' lang='lat' dir='ltr'><strong>affecta</strong></span> <span class='ocrx_word' id='word_1_186' title='bbox 1677 2207 1807 2248; x_wconf 87' lang='lat' dir='ltr'><strong>nou</strong></span> 
     </span>
     <span class='ocr_line' id='line_1_28' title="bbox 165 2259 1807 2338; baseline -0.001 -14"><span class='ocrx_word' id='word_1_187' title='bbox 165 2273 366 2324; x_wconf 80' lang='lat' dir='ltr'><strong>essent</strong></span> <span class='ocrx_word' id='word_1_188' title='bbox 395 2307 415 2335; x_wconf 92' lang='lat'>‚</span> <span class='ocrx_word' id='word_1_189' title='bbox 467 2261 664 2322; x_wconf 86' lang='lat' dir='ltr'><strong>libere</strong></span> <span class='ocrx_word' id='word_1_190' title='bbox 703 2263 1028 2338; x_wconf 82' lang='lat' dir='ltr'><strong>disponere</strong></span> <span class='ocrx_word' id='word_1_191' title='bbox 1077 2260 1357 2320; x_wconf 83' lang='lat' dir='ltr'><strong>valerent</strong></span> <span class='ocrx_word' id='word_1_192' title='bbox 1382 2303 1400 2333; x_wconf 94' lang='lat'><strong>,</strong></span> <span class='ocrx_word' id='word_1_193' title='bbox 1450 2259 1807 2322; x_wconf 84' lang='lat' dir='ltr'><strong>facultatem</strong></span> 
     </span>
     <span class='ocr_line' id='line_1_29' title="bbox 164 2335 1819 2416; baseline 0 -18"><span class='ocrx_word' id='word_1_194' title='bbox 164 2349 442 2416; x_wconf 88' lang='lat' dir='ltr'><strong>tempore</strong></span> <span class='ocrx_word' id='word_1_195' title='bbox 469 2337 864 2399; x_wconf 81' lang='lat' dir='ltr'><strong>Pontificatus</strong></span> <span class='ocrx_word' id='word_1_196' title='bbox 911 2339 1119 2397; x_wconf 87' lang='lat' dir='ltr'><strong>Nostri</strong></span> <span class='ocrx_word' id='word_1_197' title='bbox 1159 2335 1529 2396; x_wconf 83' lang='lat' dir='ltr'><strong>duraturam</strong></span> <span class='ocrx_word' id='word_1_198' title='bbox 1564 2357 1819 2398; x_wconf 60' lang='lat' dir='ltr'><strong>conces-2</strong></span> 
     </span>
     <span class='ocr_line' id='line_1_30' title="bbox 164 2413 1806 2492; baseline 0 -17"><span class='ocrx_word' id='word_1_199' title='bbox 164 2416 400 2479; x_wconf 81' lang='lat' dir='ltr'><strong>simus:</strong></span> <span class='ocrx_word' id='word_1_200' title='bbox 485 2435 566 2476; x_wconf 92' lang='lat' dir='ltr'><strong>uo</strong></span> <span class='ocrx_word' id='word_1_201' title='bbox 611 2416 844 2474; x_wconf 76' lang='lat' dir='ltr'><strong>scilicet</strong></span> <span class='ocrx_word' id='word_1_202' title='bbox 898 2413 1084 2474; x_wconf 83' lang='lat' dir='ltr'><strong>iidem</strong></span> <span class='ocrx_word' id='word_1_203' title='bbox 1135 2413 1459 2491; x_wconf 88' lang='lat' dir='ltr'><strong>Episcopi,</strong></span> <span class='ocrx_word' id='word_1_204' title='bbox 1516 2424 1581 2474; x_wconf 87' lang='lat' dir='ltr'><strong>et</strong></span> <span class='ocrx_word' id='word_1_205' title='bbox 1617 2421 1806 2492; x_wconf 73' lang='lat' dir='ltr'><strong>majo-</strong></span> 
     </span>
     <span class='ocr_line' id='line_1_31' title="bbox 167 2487 1807 2568; baseline -0.001 -17"><span class='ocrx_word' id='word_1_206' title='bbox 167 2512 302 2552; x_wconf 86' lang='lat' dir='ltr'><strong>rum</strong></span> <span class='ocrx_word' id='word_1_207' title='bbox 345 2495 462 2552; x_wconf 87' lang='lat' dir='ltr'><strong>Ecc</strong></span> <span class='ocrx_word' id='word_1_208' title='bbox 489 2492 755 2551; x_wconf 88' lang='lat' dir='ltr'><strong>esiarum</strong></span> <span class='ocrx_word' id='word_1_209' title='bbox 788 2487 1108 2566; x_wconf 73' lang='lat' dir='ltr'><strong>Praesules,</strong></span> <span class='ocrx_word' id='word_1_210' title='bbox 1143 2487 1506 2566; x_wconf 87' lang='lat' dir='ltr'><strong>ampliorem</strong></span> <span class='ocrx_word' id='word_1_211' title='bbox 1543 2500 1807 2568; x_wconf 85' lang='lat' dir='ltr'><strong>potesta-</strong></span> 
     </span>
     <span class='ocr_line' id='line_1_32' title="bbox 167 2564 1807 2643; baseline -0.001 -16"><span class='ocrx_word' id='word_1_212' title='bbox 167 2578 286 2627; x_wconf 87' lang='lat' dir='ltr'><strong>tem</strong></span> <span class='ocrx_word' id='word_1_213' title='bbox 316 2568 392 2626; x_wconf 73' lang='lat' dir='ltr'><strong>&#39;in</strong></span> <span class='ocrx_word' id='word_1_214' title='bbox 441 2567 755 2628; x_wconf 85' lang='lat' dir='ltr'><strong>Beneficiis</strong></span> <span class='ocrx_word' id='word_1_215' title='bbox 791 2567 1096 2643; x_wconf 74' lang='lat' dir='ltr'><strong>praedietis</strong></span> <span class='ocrx_word' id='word_1_216' title='bbox 1134 2564 1525 2627; x_wconf 84' lang='lat' dir='ltr'><strong>conferendis</strong></span> <span class='ocrx_word' id='word_1_217' title='bbox 1572 2566 1659 2626; x_wconf 88' lang='lat' dir='ltr'><strong>sic</strong></span> <span class='ocrx_word' id='word_1_218' title='bbox 1700 2567 1807 2626; x_wconf 88' lang='lat' dir='ltr'><strong>ob·</strong></span> 
     </span>
     <span class='ocr_line' id='line_1_33' title="bbox 167 2642 1808 2719; baseline 0.001 -17"><span class='ocrx_word' id='word_1_219' title='bbox 167 2646 434 2704; x_wconf 85' lang='lat' dir='ltr'><strong>tinentes</strong></span> <span class='ocrx_word' id='word_1_220' title='bbox 455 2685 472 2716; x_wconf 89' lang='lat'><strong>,</strong></span> <span class='ocrx_word' id='word_1_221' title='bbox 521 2644 640 2704; x_wconf 84' lang='lat' dir='ltr'><strong>hae</strong></span> <span class='ocrx_word' id='word_1_222' title='bbox 673 2645 861 2703; x_wconf 87' lang='lat' dir='ltr'><strong>etiam</strong></span> <span class='ocrx_word' id='word_1_223' title='bbox 907 2642 1271 2719; x_wconf 82' lang='lat' dir='ltr'><strong>Apostolicae</strong></span> <span class='ocrx_word' id='word_1_224' title='bbox 1313 2647 1547 2704; x_wconf 85' lang='lat' dir='ltr'><strong>Nostrae</strong></span> <span class='ocrx_word' id='word_1_225' title='bbox 1588 2642 1808 2704; x_wconf 84' lang='lat' dir='ltr'><strong>libera-</strong></span> 
     </span>
     <span class='ocr_line' id='line_1_34' title="bbox 166 2718 1807 2804; baseline 0 -24"><span class='ocrx_word' id='word_1_226' title='bbox 166 2719 355 2782; x_wconf 84' lang='lat' dir='ltr'><strong>litatis</strong></span> <span class='ocrx_word' id='word_1_227' title='bbox 398 2720 844 2804; x_wconf 57' lang='lat' dir='ltr'><strong>gratificatione</strong></span> <span class='ocrx_word' id='word_1_228' title='bbox 892 2718 1115 2792; x_wconf 86' lang='lat' dir='ltr'><strong>illecti,</strong></span> <span class='ocrx_word' id='word_1_229' title='bbox 1149 2719 1227 2780; x_wconf 89' lang='lat' dir='ltr'><strong>ad</strong></span> <span class='ocrx_word' id='word_1_230' title='bbox 1268 2719 1653 2798; x_wconf 88' lang='lat' dir='ltr'><strong>personalem</strong></span> <span class='ocrx_word' id='word_1_231' title='bbox 1692 2726 1807 2781; x_wconf 88' lang='lat' dir='ltr'><strong>Re-</strong></span> 
     </span>
     <span class='ocr_line' id='line_1_35' title="bbox 166 2795 1808 2874; baseline 0 -18"><span class='ocrx_word' id='word_1_232' title='bbox 166 2797 493 2857; x_wconf 84' lang='lat' dir='ltr'><strong>sideutiam</strong></span> <span class='ocrx_word' id='word_1_233' title='bbox 537 2797 894 2874; x_wconf 70' lang='lat' dir='ltr'><strong>praedictam</strong></span> <span class='ocrx_word' id='word_1_234' title='bbox 951 2795 1247 2857; x_wconf 87' lang='lat' dir='ltr'><strong>libentius</strong></span> <span class='ocrx_word' id='word_1_235' title='bbox 1296 2796 1647 2858; x_wconf 84' lang='lat' dir='ltr'><strong>obeundam</strong></span> <span class='ocrx_word' id='word_1_236' title='bbox 1704 2797 1808 2859; x_wconf 87' lang='lat' dir='ltr'><strong>ad·</strong></span> 
     </span>
     <span class='ocr_line' id='line_1_36' title="bbox 168 2873 1247 2936; baseline -0.006 -2"><span class='ocrx_word' id='word_1_237' title='bbox 168 2873 567 2936; x_wconf 80' lang='lat' dir='ltr'><strong>ducerentur.</strong></span> <span class='ocrx_word' id='word_1_238' title='bbox 1240 2923 1247 2928; x_wconf 87' lang='lat'>.</span> 
     </span>
    </p>

    <p class='ocr_par' dir='ltr' id='par_1_3' title="bbox 167 2946 2193 3486">
     <span class='ocr_line' id='line_1_37' title="bbox 241 2946 2115 3024; baseline -0.001 -16"><span class='ocrx_word' id='word_1_239' title='bbox 241 2951 554 3024; x_wconf 82' lang='lat' dir='ltr'><strong>Quoniam</strong></span> <span class='ocrx_word' id='word_1_240' title='bbox 579 2969 728 3012; x_wconf 86' lang='lat' dir='ltr'><strong>vero</strong></span> <span class='ocrx_word' id='word_1_241' title='bbox 753 2959 818 3010; x_wconf 85' lang='lat' dir='ltr'><strong>et</strong></span> <span class='ocrx_word' id='word_1_242' title='bbox 857 2958 1040 3008; x_wconf 81' lang='lat' dir='ltr'><strong>certae</strong></span> <span class='ocrx_word' id='word_1_243' title='bbox 1075 2946 1357 3023; x_wconf 83' lang='lat' dir='ltr'><strong>quaedam</strong></span> <span class='ocrx_word' id='word_1_244' title='bbox 1382 2967 1587 3021; x_wconf 42' lang='lat' dir='ltr'><strong>causae,</strong></span> <span class='ocrx_word' id='word_1_245' title='bbox 1604 2947 1810 3010; x_wconf 88' lang='lat' dir='ltr'><strong>adesse</strong></span> <span class='ocrx_word' id='word_1_246' title='bbox 1850 2955 2115 3007; x_wconf 80' lang='lat' dir='ltr'><strong>Absentiae</strong></span> 
     </span>
     <span class='ocr_line' id='line_1_38' title="bbox 167 3023 2193 3104; baseline 0.001 -18"><span class='ocrx_word' id='word_1_247' title='bbox 167 3035 512 3102; x_wconf 83' lang='lat' dir='ltr'><strong>possunt,et</strong></span> <span class='ocrx_word' id='word_1_248' title='bbox 525 3024 881 3104; x_wconf 81' lang='lat' dir='ltr'><strong>hujusmodi</strong></span> <span class='ocrx_word' id='word_1_249' title='bbox 897 3024 1243 3096; x_wconf 76' lang='lat' dir='ltr'><strong>occasiones</strong></span> <span class='ocrx_word' id='word_1_250' title='bbox 1254 3023 1541 3096; x_wconf 88' lang='lat' dir='ltr'><strong>incidere,</strong></span> <span class='ocrx_word' id='word_1_251' title='bbox 1555 3037 1811 3102; x_wconf 90' lang='lat' dir='ltr'><strong>propter</strong></span> <span class='ocrx_word' id='word_1_252' title='bbox 1834 3040 1997 3074; x_wconf 55' lang='grc' dir='ltr'><strong>σωθῶ</strong></span> <span class='ocrx_word' id='word_1_253' title='bbox 2016 3057 2033 3088; x_wconf 71' lang='lat'><em>2</em></span> <span class='ocrx_word' id='word_1_254' title='bbox 2062 3029 2135 3073; x_wconf 83' lang='lat' dir='ltr'><strong>et·</strong></span> <span class='ocrx_word' id='word_1_255' title='bbox 2188 3089 2193 3104; x_wconf 70' lang='grc'><strong>,</strong></span> 
     </span>
     <span class='ocr_line' id='line_1_39' title="bbox 171 3097 2117 3180; baseline -0.003 -18"><span class='ocrx_word' id='word_1_256' title='bbox 171 3122 322 3179; x_wconf 84' lang='lat' dir='ltr'><strong>quas</strong></span> <span class='ocrx_word' id='word_1_257' title='bbox 341 3147 361 3178; x_wconf 86' lang='lat'><strong>,</strong></span> <span class='ocrx_word' id='word_1_258' title='bbox 397 3103 628 3179; x_wconf 74' lang='lat' dir='ltr'><strong>praevio</strong></span> <span class='ocrx_word' id='word_1_259' title='bbox 654 3101 920 3162; x_wconf 86' lang='lat' dir='ltr'><strong>Romani</strong></span> <span class='ocrx_word' id='word_1_260' title='bbox 959 3101 1267 3160; x_wconf 80' lang='lat' dir='ltr'><strong>Pontificis</strong></span> <span class='ocrx_word' id='word_1_261' title='bbox 1296 3119 1543 3159; x_wconf 89' lang='lat' dir='ltr'><strong>assensu</strong></span> <span class='ocrx_word' id='word_1_262' title='bbox 1565 3145 1581 3172; x_wconf 88' lang='lat'><strong>,</strong></span> <span class='ocrx_word' id='word_1_263' title='bbox 1612 3110 1675 3158; x_wconf 86' lang='lat' dir='ltr'><strong>et</strong></span> <span class='ocrx_word' id='word_1_264' title='bbox 1704 3123 1807 3180; x_wconf 88' lang='lat' dir='ltr'><strong>ap·</strong></span> <span class='ocrx_word' id='word_1_265' title='bbox 1834 3097 2069 3168; x_wconf 35' lang='lat' dir='ltr'><strong>temp-oga</strong></span> <span class='ocrx_word' id='word_1_266' title='bbox 2087 3105 2117 3138; x_wconf 74' lang='lat'><em>²</em></span> 
     </span>
     <span class='ocr_line' id='line_1_40' title="bbox 168 3155 2074 3273; baseline -0.002 -35"><span class='ocrx_word' id='word_1_267' title='bbox 168 3179 572 3255; x_wconf 85' lang='lat' dir='ltr'><strong>probatione,</strong></span> <span class='ocrx_word' id='word_1_268' title='bbox 606 3177 787 3240; x_wconf 85' lang='lat' dir='ltr'><strong>liceat</strong></span> <span class='ocrx_word' id='word_1_269' title='bbox 825 3178 1122 3252; x_wconf 88' lang='lat' dir='ltr'><strong>Episcopo</strong></span> <span class='ocrx_word' id='word_1_270' title='bbox 1155 3199 1188 3236; x_wconf 90' lang='lat' dir='ltr'><strong>a</strong></span> <span class='ocrx_word' id='word_1_271' title='bbox 1217 3177 1468 3253; x_wconf 88' lang='lat' dir='ltr'><strong>propria</strong></span> <span class='ocrx_word' id='word_1_272' title='bbox 1506 3174 1767 3238; x_wconf 86' lang='lat' dir='ltr'><strong>Ecclesia</strong></span> <span class='ocrx_word' id='word_1_273' title='bbox 1788 3219 1809 3247; x_wconf 91' lang='lat'><strong>,</strong></span> <span class='ocrx_word' id='word_1_274' title='bbox 1833 3155 2074 3273; x_wconf 56' lang='grc' dir='ltr'><strong>ξοὲιὲὼῗ</strong></span> 
     </span>
     <span class='ocr_line' id='line_1_41' title="bbox 171 3239 2113 3344; baseline 0.002 -32"><span class='ocrx_word' id='word_1_275' title='bbox 171 3266 234 3315; x_wconf 87' lang='lat' dir='ltr'><strong>et</strong></span> <span class='ocrx_word' id='word_1_276' title='bbox 263 3256 518 3316; x_wconf 84' lang='lat' dir='ltr'><strong>Dioecesi</strong></span> <span class='ocrx_word' id='word_1_277' title='bbox 595 3275 661 3314; x_wconf 90' lang='lat' dir='ltr'><strong>er</strong></span> <span class='ocrx_word' id='word_1_278' title='bbox 691 3253 942 3331; x_wconf 85' lang='lat' dir='ltr'><strong>aliquod</strong></span> <span class='ocrx_word' id='word_1_279' title='bbox 959 3252 1281 3313; x_wconf 86' lang='lat' dir='ltr'><strong>definitum</strong></span> <span class='ocrx_word' id='word_1_280' title='bbox 1302 3263 1543 3332; x_wconf 86' lang='lat' dir='ltr'><strong>tempus</strong></span> <span class='ocrx_word' id='word_1_281' title='bbox 1568 3251 1811 3331; x_wconf 82' lang='lat' dir='ltr'><strong>abesse3</strong></span> <span class='ocrx_word' id='word_1_282' title='bbox 1838 3239 1950 3339; x_wconf 50' lang='lat' dir='ltr'><strong>5ss¹0</strong></span> <span class='ocrx_word' id='word_1_283' title='bbox 1972 3239 2113 3344; x_wconf 53' lang='lat'><strong>⁸⁰3¹.-</strong></span> 
     </span>
     <span class='ocr_line' id='line_1_42' title="bbox 173 3307 2035 3409; baseline 0.002 -20"><span class='ocrx_word' id='word_1_284' title='bbox 173 3351 240 3390; x_wconf 86' lang='lat' dir='ltr'><strong>ea</strong></span> <span class='ocrx_word' id='word_1_285' title='bbox 288 3351 442 3392; x_wconf 86' lang='lat' dir='ltr'><strong>vero</strong></span> <span class='ocrx_word' id='word_1_286' title='bbox 507 3351 542 3392; x_wconf 87' lang='lat' dir='ltr'><strong>a</strong></span> <span class='ocrx_word' id='word_1_287' title='bbox 618 3335 784 3392; x_wconf 86' lang='lat' dir='ltr'><strong>entia</strong></span> <span class='ocrx_word' id='word_1_288' title='bbox 815 3377 830 3405; x_wconf 89' lang='lat'><strong>,</strong></span> <span class='ocrx_word' id='word_1_289' title='bbox 883 3351 1018 3408; x_wconf 85' lang='lat' dir='ltr'><strong>quae</strong></span> <span class='ocrx_word' id='word_1_290' title='bbox 1069 3329 1148 3389; x_wconf 89' lang='lat' dir='ltr'><strong>ad</strong></span> <span class='ocrx_word' id='word_1_291' title='bbox 1199 3329 1509 3390; x_wconf 87' lang='lat' dir='ltr'><strong>modicum</strong></span> <span class='ocrx_word' id='word_1_292' title='bbox 1572 3339 1815 3409; x_wconf 85' lang='lat' dir='ltr'><strong>tempus</strong></span> <span class='ocrx_word' id='word_1_293' title='bbox 1837 3307 2035 3409; x_wconf 52' lang='lat' dir='ltr'><strong>mina?</strong></span> 
     </span>
     <span class='ocr_line' id='line_1_43' title="bbox 171 3407 1813 3486; baseline 0.002 -18"><span class='ocrx_word' id='word_1_294' title='bbox 171 3407 594 3486; x_wconf 83' lang='lat' dir='ltr'><strong>protrahitur,</strong></span> <span class='ocrx_word' id='word_1_295' title='bbox 629 3411 938 3472; x_wconf 86' lang='lat' dir='ltr'><strong>neminem</strong></span> <span class='ocrx_word' id='word_1_296' title='bbox 965 3407 1220 3470; x_wconf 76' lang='lat' dir='ltr'><strong>desertae</strong></span> <span class='ocrx_word' id='word_1_297' title='bbox 1252 3407 1614 3470; x_wconf 82' lang='lat' dir='ltr'><strong>Residentiae</strong></span> <span class='ocrx_word' id='word_1_298' title='bbox 1638 3429 1813 3472; x_wconf 85' lang='lat' dir='ltr'><strong>reum</strong></span> 
     </span>
    </p>
   </div>
  </div>
 </body>
</html>
