2400 3996
313 262 559 323 'Foth

616 146 772 227 508,
1163 147 1555 213 Baunmcn
1598 144 1775 213 XIV.

349 341 418 390 A.
439 338 560 389 VII.
610 350 2262 385 mmmmmmmmmmummmm

379 520 524 575 XXI.

301 1848 465 1901 &um-

1155 504 1707 579 DISTINCTIO

610 670 778 739 Inter
821 671 1045 742 Causas
1101 676 1390 761 Rotales‚
1445 692 1507 744 et
1558 668 1945 747 Praelatitias,
1986 694 2058 740 ac
2102 670 2259 740 Jura

692 759 1089 829 Notariorum
1141 763 1499 848 scribendi,
1559 777 1619 829 et
1664 760 1953 827 actitandi
1995 762 2059 825 in
2130 758 2257 826 illis

693 850 1027 937 respective
1075 848 1505 937 praefiniuntur
1548 868 1565 914 :
1614 862 1674 913 et
1706 868 1867 911 nova
1919 845 2256 913 methodus

693 934 974 999 statuitur
1006 937 1070 997 in
1114 936 1445 999 Auditorio
1472 934 1646 999 Rotae
1687 932 2103 1018 observanda,
2134 954 2255 1027 pro
2314 1004 2325 1015 ,

691 1018 970 1085 celeriori
1011 1018 1348 1085 Causarum
1390 1016 1801 1109 expeditione.

757 1220 1452 1307 BENEDICTUS
1512 1217 2091 1305 EPISGOPUS
2186 1160 2193 1165 ⁸

974 1411 1254 1479 SERvus
1298 1412 1717 1511 SERvouum,
1740 1410 1876 1477 Dm

922 1575 1037 1634 Ad
1055 1587 1411 1653 perpetuam
1438 1575 1524 1633 rei
1542 1575 1927 1635 ·noemor·iam.

1880 1754 1893 1780 ἴ

385 1778 546 1836 Εῐῦΐ·
601 1719 938 1851 JUSTITIAE
964 1801 1027 1851 et
1059 1793 1227 1871 pacis
1252 1786 1568 1867 custodes,
1600 1802 1661 1851 et
1702 1790 2047 1851 adsertores
2070 1835 2089 1863 ,
2115 1811 2243 1851 nou

601 1867 799 1930 solum
849 1868 914 1927 in
951 1870 1243 1929 universa
1282 1868 1545 1930 Ecclesia
1579 1867 1841 1939 Christi,
1900 1868 2011 1927 sed
2054 1870 2243 1929 etiam

600 1948 664 2008 in
707 1944 977 2024 subiecta
1019 1946 1321 2022 gubernio
1367 1958 1576 2010 nostro
1611 1944 1979 2024 Republica,
2030 1964 2067 2004 a
2110 1951 2239 2006 Deo

601 2026 958 2095 constituti,
1007 2026 1070 2084 in
1113 2025 1175 2084 id
1220 2023 1486 2084 libenter
1523 2023 1979 2084 studia'nostra
2028 2023 2234 2084 confe-

600 2104 792 2162 rimus
819 2148 836 2174 ,
877 2105 949 2160 ut
992 2103 1327 2178 unicuique
1364 2107 1461 2180 ius
1505 2122 1686 2161 suum
1736 2101 2056 2178 aequaliter
2096 2100 2235 2161 red-

600 2179 832 2255 datur3
877 2187 948 2238 ut
983 2181 1366 2256 negotiorum
1392 2224 1410 2250 ‚
1458 2189 1521 2237 et
1566 2184 1939 2254 Causarum,
1988 2197 2127 2256 quae
2172 2179 2237 2240 in

597 2261 876 2316 Romana
913 2259 1296 2335 potissimum
1340 2258 1533 2317 Curia
1572 2267 1924 2317 tractantur
1950 2300 1969 2328 ‚
2002 2265 2071 2316 et
2110 2259 2233 2334 agi·

597 2344 814 2394 tantur
833 2379 852 2408 ,
879 2334 1329 2393 ordinatissima
1354 2333 1515 2392 ratio
1540 2343 1812 2410 constet3
1852 2330 2236 2411 sublatisque

597 2430 806 2469 rerum
864 2409 1325 2471 confusionibus
1367 2451 1384 2481 ‚
1428 2419 1492 2469 et
1540 2411 1733 2470 noxiis
1784 2409 2191 2470 dilationibus
2214 2457 2231 2484 ,

587 2485 906 2562 *judiciales
929 2489 1360 2548 controversiae
1380 2507 1503 2547 non
1522 2488 1724 2546 minus
1742 2498 1983 2548 rectum
2002 2532 2021 2561 ‚
2043 2507 2233 2565 quam

595 2564 942 2638 expeditum
975 2584 1259 2638 cursum,
1300 2574 1363 2624 et
1398 2565 1585 2624 finem
1625 2563 1972 2624 obtineant.

669 2642 826 2698 Saue
843 2685 858 2711 ‚
877 2660 1014 2700 cum
1037 2640 1180 2699 olim
1214 2641 1697 2721 unumquodque
1712 2646 2002 2702 Romanae
2028 2642 2232 2701 Curiae

593 2714 891 2775 Tribunal
915 2762 932 2788 ‚
965 2717 1347 2794 proindeque
1377 2724 1716 2780 Causarum
1749 2737 1995 2796 quoque
2012 2717 2232 2778 Palatii

592 2792 924 2869 Apostolici
967 2794 1397 2862 Auditorium.
1443 2815 1585 2856 suos
1634 2797 1915 2873 proprios
1968 2793 2233 2856 haberet

593 2872 874 2930 Niotarios
897 2915 910 2942 ‚
935 2882 996 2931 et
1021 2871 1340 2931 dumtaxat
1375 2876 1607 2932 Sanctae
1636 2878 1923 2933 Romanae
1946 2870 2229 2933 Ecclesiae

593 2947 948 3008 Cardinales
987 2992 1000 3016 ‚
1061 2969 1129 3008 ac
1181 2949 1365 3025 ipsius
1411 2951 1611 3010 Curiae
1657 2948 1945 3022 Praelati',
2000 2949 2230 3026 quibus

590 3045 702 3102 per
758 3024 1044 3100 speciales
1083 3027 1344 3085 Romani
1390 3026 1695 3087 Pontificis
1750 3026 2231 3087 Commissiones

589 3099 986 3178 peculiarium
1045 3107 1385 3162 Causarum
1438 3105 1851 3180 cognitionem
1908 3103 2229 3164 interdum

589 3175 856 3254 delegari
875 3179 1265 3253 contingebat
1285 3223 1302 3250 ,
1322 3191 1521 3241 certos
1538 3201 1608 3239 ac
1631 3181 1914 3258 proprios
1939 3183 2229 3241 Notat-ios

591 3273 713 3312 non
739 3255 1068 3329 haberent3
1099 3255 1639 3334 ideoquessquilibet
1658 3259 1946 3335 {ipsorum
1966 3255 2046 3318 ad
2078 3259 2225 3316 seri-

587 3329 859 3390 bendum
880 3376 896 3402 ‚
936 3340 997 3390 et
1033 3332 1415 3392 actitandum
1439 3335 1503 3393 in
1534 3337 1744 3399 Causis
1773 3335 2229 3396 commissariis

589 3407 936 3484 hujusmodi
955 3427 1401 3488 quemcumque
1428 3407 1736 3473 maluisset
1762 3412 2092 3472 Notarium
2108 3433 2228 3491 pro
