2400 3996
601 170 726 234 250
1109 161 1499 226 Barantea-1
1542 151 1719 221 XIV.

297 290 348 353 'p
371 314 408 352 0
425 310 464 350 ῃ
485 309 543 361 ⁶1?-
601 296 722 355 que
753 270 1034 346 similiter
1049 264 1545 345 responsionibus
1566 310 1585 339 ‚
1618 273 1682 323 et
1700 261 2247 341 replicationibus,

336 368 408 422 A.
431 360 535 423 VI'.
604 375 674 415 ac
714 348 1137 411 defensoribus
1175 344 1643 420 collitigantium
1667 386 1683 413 ‚
1724 351 2031 417 quantum
2065 362 2245 419 opor-

605 433 855 503 tuisset,
897 432 1188 487 oretenus
1243 422 1426 481 etiam
1484 418 1748 491 auditis,
1808 420 2020 477 omnia
2062 419 2249 479 Nobis

377 564 380 571 .
607 509 899 571 distincto
945 503 1166 564 ordine
1204 498 1483 558 referret.
1981 489 1987 499 '

329 596 588 665 numque
686 588 818 661 Qua
871 589 1174 659 potestate
1218 575 1377 635 facta
1402 618 1423 646 ‚
1470 576 1615 631 Pars
1652 581 1916 647 utraque
1960 572 2248 647 copiosis·

313 668 584 731 toguotctt
609 664 790 725 simas
815 657 1276 719 informationes
1292 652 1615 726 impressas
1636 648 1907 724 porrexit
1924 666 1997 705 eu
2008 670 2067 707 m
2087 654 2259 707 sum-‘

611 740 823 801 mariis
867 746 1002 795 tum
1059 729 1471 791 recentiorum
1500 770 1517 797 ‚
1560 736 1692 784 tum
1742 734 2023 785 veterum
2064 724 2254 783 docu-

611 826 960 879 mentorum
982 856 998 885 ‚
1032 807 1381 887 praesertim
1419 819 1569 864 vero
1608 820 1857 873 eornm,
1902 818 2043 875 quae
2076 802 2140 859 in
2184 800 2254 859 li-

611 893 730 955 bro
769 889 1035 969 quodam
1063 882 1521 958 Privilegiorum
1540 924 1556 951 ‚
1588 888 1773 955 atque
1794 877 2269 952 exemptionum*

613 970 924 1034 Medicinae
965 962 1151 1039 Typis
1182 960 1469 1019 Bononiae
1508 955 1653 1015 dato
1699 961 1883 1014 Anno
1930 950 2263 1013 millesimo

613 1041 1046 1108 sexcentesimo
1069 1036 1439 1111 sexagesimo
1476 1043 1693 1092 octavo
1719 1030 2148 1090 continentur.
2178 1029 2260 1089 Il-

616 1124 813 1201 lisque
834 1115 1121 1179 omnibus
1147 1109 1360 1173 sedulo
1386 1108 1772 1181 examinatis,
1796 1127 1934 1165 eum
1962 1108 2267 1183 praefatus

618 1200 906 1278 Magister
946 1192 1235 1255 Clemens
1262 1188 1527 1249 Auditor
1563 1188 1781 1245 Noster
1821 1183 1901 1242 ad
1937 1182 2265 1245 meliorem

620 1281 709 1341 rei
767 1268 1235 1336 elucidationem
1270 1308 1283 1333 ‚
1341 1260 1727 1323 difficultates
1762 1306 1779 1333 ‚
1842 1280 1995 1336 quas
2054 1272 2269 1331 mente

623 1360 988 1431 conceperat
1009 1393 1028 1425 ‚
1057 1342 1346 1407 ‘Partibus
1382 1343 1445 1399 in
1472 1340 1712 1415 scriptis
1743 1336 2161 1413 pandidisset‚
2202 1348 2269 1397 et

619 1432 966 1497 Nos'etiam
993 1466 1010 1497 ‚
1065 1442 1142 1482 ne
1191 1419 1340 1497 quid
1390 1423 1737 1476 remaneret
1788 1410 2271 1487 occultum,‘in'

623 1504 989 1586 Apostolicis
1028 1494 1459 1560 secretioribus
1486 1490 1831 1552 Tabulariis
1862 1502 2269 1551 monumenta

627 1586 833 1647 omnia
878 1582 1061 1640 etiam
1101 1572 1523 1651 antiquissima
1565 1569 1641 1628 ad
1674 1588 1802 1627 rem
1842 1566 2139 1626 facientia
2172 1568 2268 1627 in-

629 1661 828 1739 quiri,
869 1668 1055 1748 atque
1089 1652 1232 1711 inde
1272 1647 1509 1708 extrahi
1546 1646 1891 1705 fecissemus
1918 1688 1935 1717 ‚
1970 1642 2117 1703 hinc
2148 1644 2267 1704 dif-

626 1738 940 1799 fusissimae
982 1727 1403 1805 responsiones
1430 1770 1447 1801 ‚
1494 1734 1557 1783 et
1603 1720 2029 1799 replicationes
2064 1722 2267 1781 utrin.

628 1835 748 1893 que
785 1812 1311 1889 supervenerunt,
1349 1812 1411 1861 et
1446 1802 1531 1860 ita
1558 1820 1681 1857 non
1713 1796 1907 1856 solum
1937 1842 1954 1869 ‚
1990 1816 2127 1874 quae
2156 1796 2269 1858 an:

627 1892 888 1969 tiquitus
930 1902 1136 1947 coram
1185 1878 1364 1941 variis
1416 1876 1732 1937 Judicibus
1780 1874 2273 1935 Bononiensibus

630 1988 766 2048 quae
845 1965 1036 2026 ariter
1065 1961 1128 2018 in
1157 1954 1482 2020 Auditorio
1513 1956 1684 2012 Rotae
1726 1971 1933 2011 coram
1968 1956 2271 2028 Buratto;

633 2058 697 2107 et
737 2049 790 2105 U
839 2039 986 2102 aldo
1026 2035 1335 2116 praedictis
1360 2059 1388 2106 ‚·
1416 2049 1672 2109 quaeque
1708 2047 1920 2088 rursus
1962 2028 2025 2086 in
2068 2027 2271 2088 tribu-

637 2121 764 2186 nali
814 2125 1123 2184 Gamerae,
1169 2113 1297 2188 ipsa
1346 2115 1603 2168 Camcra
1658 2103 1973 2165 interdum
2024 2123 2271 2182 compa-

636 2207 850 2274 rente,
893 2205 955 2256 et
985 2199 1124 2271 iura
1169 2185 1679 2248 Medicinensium‘
1708 2181 2116 2258 coadjuvante
2150 2227 2167 2248 ‚
2213 2194 2277 2243 et

635 2296 844 2341 eoram
872 2270 1020 2333 valiis
1071 2283 1316 2345 quoque
1358 2259 1673 2321 Judicibus
1704 2304 1723 2334 ‚
1764 2257 1866 2316 sed
1904 2257 2276 2334 quamplura

633 2358 888 2432 insuper
922 2349 1000 2408 de
1040 2362 1206 2406 novo
1248 2343 1501 2400 inventa
1536 2336 1907 2396 documenta
1954 2331 2221 2396 deducta
2257 2377 2290 2412 ,-

633 2444 702 2492 et
762 2437 1005 2490 matura
1063 2418 1401 2497 respective
1467 2413 1914 2492 ponderatione
1970 2411 2277 2478 ventilata

635 2501 898 2567 fuerunt'
919 2547 938 2576 ‚
975 2505 1197 2576 ac‘per
1235 2495 1541 2554 diutinam
1576 2490 1704 2550 fere
1750 2485 2102 2547 biennalem
2150 2488 2275 2548 col-

640 2581 1042 2642 luctationem
1084 2575 1373 2633 discussa.

717 2661 1028 2728 Factaque
1057 2649 1305 2708 demum
1347 2644 1427 2706 ab
1465 2645 1595 2722 ipso
1638 2643 1928 2720 Magistro
1962 2639 2283 2708 Clemente

373 2701 446 2754 E*
479 2716 614 2770 ΨΜ·
638 2729 938 2806 Auditore
979 2731 1203 2787 Nostro
1234 2739 1439 2781 rerum
1484 2719 1761 2780 omnium
1800 2715 2153 2796 plenissima
2180 2731 2280 2781 re·

339 2771 574 2822 utionum
733 2812 746 2824 .
884 2817 888 2822 ,
1383 2799 1394 2811 .
1567 2798 1579 2810 .

338 2835 509 2908 „pm
553 2834 616 2888 ,d
637 2811 906 2879 launna,
949 2813 1134 2880 atque
1175 2820 1211 2860 a
1244 2799 1427 2859 Nobis
1469 2798 1613 2873 ipsis
1656 2799 1819 2856 inter
1858 2806 1955 2856 tot
1993 2797 2280 2871 gnavis-si·-

339 2904 446 2956 dno
500 2919 577 2956 re.
642 2898 778 2967 mass
815 2883 1196 2960 Principatus
1238 2875 1443 2936 Nostri
1488 2891 1665 2934 ouras
1696 2917 1713 2946 ‚
1760 2871 1837 2932 ad
1884 2877 2143 2932 Lancem
2172 2878 2279 2933 Juss

339 2970 598 3040 umagen-
641 2966 866 3039 stitiae,
893 2971 973 3022 ‘et
1007 2955 1359 3036 .aequitatis‚
1402 2950 1727 3011 momentis
1770 2947 2056 3008 omnibus
2090 2951 2280 3010 ratio-

343 3038 427 3096 dn,
643 3065 791 3106 num
843 3037 923 3100 ab
969 3053 1217 3114 unaqua
1266 3046 1345 3090 ue
1390 3038 1566 3120 parte
1624 3029 2031 3104 expositarum
2066 3025 2279 3102 perlu.

642 3121 850 3183 stratis
878 3163 895 3192 ‚
950 3124 1135 3190 atque
1193 3108 1237 3169 li
1288 3116 1435 3167 ratis
1466 3151 1483 3178 ‚
1534 3125 1675 3163 cum
1724 3123 1870 3163 sane
1922 3106 2281 3178 cognoveri·

643 3217 819 3264 mus,
861 3191 1173 3266 negotium
1214 3188 1278 3246 in
1321 3184 1445 3245 duo
1468 3181 1779 3259 potissima
1812 3181 2010 3256 capita
2046 3179 2281 3258 dividi3

639 3279 847 3334 Unum
891 3265 1150 3333 scilieet,
1186 3272 1396 3322 utrum
1428 3263 1667 3325 Terrae,
1691 3267 1754 3316 et
1786 3257 2287 3318 Communitates

644 3347 954 3409 Medicinae
973 3387 990 3417 ‚
1022 3339 1491 3409 Villaefontanae‚
1518 3345 1580 3394 et
1606 3333 1985 3409 Gauzanighi
2011 3333 2247 3394 fuerint
2266 3379 2285 3410 ,

644 3435 708 3488 et
751 3424 876 3498 sint
899 3420 976 3512 de
1015 3416 1331 3495 districtu,
1368 3423 1431 3476 ct
1466 3411 1780 3477 comitatu
1812 3412 2145 3491 Bononiae,²
2174 3425 2285 3483 seu
