2400 3996
545 128 628 194 56
1046 127 1437 192 BENEmc‘n
1480 127 1655 193 XIV.

471 288 486 302 ‚
543 235 790 294 Patroni
811 235 974 294 circa
991 237 1180 312 magis
1203 236 1491 296 idoneum
1515 277 1531 305 ,
1552 235 1857 312 magisque
1882 235 2142 311 dignum
2158 261 2192 304 ,f

469 356 482 370 .
543 332 621 372 an
661 313 864 387 potius
903 311 1249 388 inquirere,
1292 312 1586 390 judicium
1628 312 1892 370 e‘usdem
1924 315 2181 372 Patroni

541 399 778 449 rectum
823 409 902 447 ne
939 391 1022 448 sit
1048 435 1064 463 ‚
1107 411 1185 449 an
1220 409 1381 465 non3
1413 399 1475 448 et
1514 409 1637 464 quo
1711 388 1790 446 ad
1816 387 1977 448 hanc
2009 409 2177 464 quae-

538 466 800 525 stionem
837 467 1091 538 attinet,
1119 485 1432 526 censemus
1470 483 1710 525 necesse
1746 486 1939 524 unum
1976 465 2061 525 ab
2084 464 2181 524 al-

538 553 674 602 tero
715 562 922 602 casum
957 541 1355 620 distinguere.

614 698 806 768 Nam,
847 708 956 756 aut
981 699 1146 756 inter
1188 695 1481 774 probatos
1519 693 1602 753 ab
1637 690 2184 756 Examinatoribus

537 793 718 833 nemo
757 783 848 832 est
873 818 889 845 ,
927 775 1034 850 qui
1075 774 1152 835 de
1190 773 1439 833 Patroni
1482 771 1709 849 judicio
1750 783 2103 848 queratur„
2138 793 2183 832 a

534 869 692 926 quo,
735 859 886 926 puta
922 851 1118 910 Titius
1155 851 1345 926 magis
1386 848 1675 920 idoneus,
1714 851 2024 924 magisque
2068 847 2181 907 di-

535 946 690 1002 gnus
747 927 1074 985 aestimatus
1121 936 1213 984 est
1232 972 1248 997 ‚
1292 929 1465 1001 isque
1505 925 1801 1000 Episcopo
1840 935 2175 1000 praesenta-

535 1012 669 1075 tus,
697 1013 760 1062 et
794 1014 926 1062 tum
962 1004 1291 1078 Episcopus
1318 1001 1489 1078 sequi
1526 999 1709 1060 debet
1730 1001 2027 1076 judicium
2058 1007 2175 1061 Pa·

533 1080 731 1152 troni,
781 1079 1138 1156 neutiquam
1169 1099 1321 1140 vero
1352 1080 1418 1137 in
1462 1083 1591 1154 ejus
1629 1077 1923 1154 judicium
1960 1080 2175 1155 inqui-

532 1175 689 1214 rere.
739 1159 890 1215 Nam
933 1177 970 1214 a
1009 1155 1192 1214 Sacro
1232 1152 1509 1215 Concilio
1549 1172 1674 1212 non
1715 1155 2180 1230 panset-ibitur,

531 1242 606 1290 ut
641 1232 982 1308 digniorem
1019 1234 1343 1304 instituat,
1382 1229 1489 1291 sed
1526 1249 1708 1306 quem
1744 1237 2043 1292 Patronus
2073 1234 2177 1291 in-

531 1319 628 1368 ter
683 1307 1053 1385 approbatos
1103 1308 1184 1368 ab
1246 1305 1779 1368 Examinatoribus
1825 1307 2181 1385 digniorem

536 1383 895 1446 ‘udicaverit
931 1406 950 1444 ε
975 1395 1152 1463 quem
1177 1387 1483 1442 Patronus
1516 1382 1563 1439 d
1572 1385 1581 1395 '
1660 1384 1839 1440 iorem
1859 1387 2015 1443 inter
2022 1405 2175 1462 pro..

567 1473 696 1518 atos
757 1462 834 1518 ab
897 1460 1422 1518 Examinatoribus
1460 1464 1501 1537 j
1598 1461 1608 1471 '
1636 1459 1783 1520 abit.
1852 1464 1941 1522 Ut
2004 1460 2183 1524 bene

529 1537 970 1599 animadvertit
1020 1543 1345 1616 Fagnanus
1406 1538 1648 1598 in'suis
1698 1539 2173 1616 manuscriptiS,

619 1635 666 1674 ae
693 1615 856 1691 apud
884 1619 1005 1674 Nos
1035 1625 1246 1675 extant
1267 1634 1442 1690 super
1474 1633 1610 1689 cap.
1647 1635 1863 1673 xrnt.
1886 1635 2035 1675 sess.
2062 1614 2171 1692 24.
2230 1637 2245 1648 ·

527 1635 614 1748 ἲ
645 1690 1112 1769 Βψωιαάοηθ.
1159 1693 1249 1750 Et
1294 1710 1413 1746 non
1450 1696 1648 1766 potest
1686 1691 2017 1768 Episcopus
2060 1713 2171 1770 ῳ-

518 1787 736 1845 ponere
754 1813 771 1844 ,
821 1764 984 1846 quod
1015 1769 1322 1824 Patmnus
1372 1766 1827 1825 Ecclesiasticus
1864 1789 1985 1826 non
2022 1790 2173 1827 vene

525 1843 575 1900 d
585 1846 595 1859 “
685 1847 697 1858 ’
729 1865 852 1901 rem
865 1889 883 1920 ‚
937 1842 1046 1898 sed
1082 1864 1258 1922 quem
1309 1845 1431 1920 ipse
1475 1843 1782 1902 Patiunus
1835 1843 2175 1924 digniorem

526 1941 570 1978 α
633 1922 874 1993 itt-atur,
932 1920 1196 1997 elegerit,
1247 1931 1306 1977 et
1341 1922 1406 1977 E
1444 1921 1633 1995 iscopo
1676 1924 2130 1998 praesentaverit
2144 1969 2165 2000 ,

527 1998 672 2075 quia
721 1996 1045 2055 Concilium
1089 1996 1283 2055 voluit
1336 1941 1595 2053 abgohue
1650 1996 1882 2055 institui
1942 2000 2115 2058 illum
2142 2043 2171 2075 ,

526 2094 704 2151 quem
741 2076 1046 2133 Patronus
1081 2084 1373 2152 tanquam
1402 2072 1727 2152 digniorem
1766 2076 2019 2155 elegerit.

601 2308 678 2363 Et
709 2304 776 2363 in
811 2302 1161 2382 hujusmodi
1194 2306 1340 2367 facti
1376 2307 1576 2383 specie
1598 2304 1802 2366 locum
1831 2304 2019 2365 habet
2056 2326 2159 2367 re·

521 2380 1655 2534 ffizffizutsffffig‘ssssfflsszffssxssii
1692 2380 2165 2539 ⁸⁰1¹‹37¹⁵Z{}1¹2²{

519 2540 728 2591 autem
771 2531 900 2591 haec
939 2543 1085 2592 sunt
1123 2554 1140 2589 z
1187 2536 1375 2591 Sacra
1410 2545 1525 2592 etc.
1562 2480 1822 2609 cedgsuit,
1864 2537 1919 2592 si
1955 2538 2154 2593 Paro.

516 2604 657 2664 chia
689 2608 768 2665 sit
789 2609 1291 2685 Jurispatmnatus
1314 2610 1721 2668 Ecclesiastici
1734 2658 1753 2687 ,
1786 2622 1845 2668 et
1866 2612 2155 2669 institutio

515 2682 606 2773 ‘¹4
649 2686 1013 2761 Episcopum
1049 2687 1349 2762 pertineat
1374 2732 1391 2761 ‚
1426 2685 1793 2765 facultatem
1821 2687 2160 2763 judicandi

515 2758 841 2892 &nior-em
879 2763 1033 2819 inter
1063 2762 1303 2821 idoneos
1327 2763 1607 2839 probatos
1647 2764 1725 2821 ab
1756 2764 2171 2823 Examinat&-

557 2838 570 2849 '
604 2858 677 2894 us
692 2880 708 2908 ,
750 2850 1006 2915 spectare
1045 2838 1132 2896 ad
1166 2842 1505 2897 Patronum
1534 2840 2045 2915 Ecclesiasticum‚
2092 2854 2158 2898 et

513 2914 880 2989 Episcopum
927 2917 1113 2972 teneri
1159 2917 1459 2973 instiucem
1503 2934 1641 2973 eum
1660 2960 1679 2991 ,
1731 2936 1907 2995 quem
1954 2917 2153 2976 dictus

513 2990 822 3045 Patronus
840 2991 1203 3061 judicaverit
1234 2993 1561 3073 digniorem
1575 3036 1594 3068 ,
1618 3003 1675 3049 et
1702 2993 1817 3070 ipsi
1850 2994 2149 3071 Episcopo

499 3065 905 3141 praesentavit.

589 3146 718 3201 Aut
738 3143 900 3201 inter
917 3140 998 3200 ab
1023 3142 1553 3206 Examinatoribus
1580 3144 1831 3207 idoneos
1852 3143 2157 3223 probatos

513 3215 738 3294 aliquis
766 3229 890 3293 est,
916 3221 1025 3296 qui
1049 3221 1277 3297 judicio
1299 3223 1552 3283 Patroni
1581 3223 1835 3283 minime
1868 3223 2143 3298 acquies-

509 3312 656 3353 cens
697 3315 907 3354 coram
941 3297 1271 3376 Episcopo,
1302 3305 1477 3378 cujus
1505 3308 1597 3359 est
1624 3299 1775 3359 dare
1808 3300 2146 3359 institutio-

513 3389 654 3431 nem
678 3414 696 3448 ,
741 3373 1023 3449 queritur
1040 3420 1058 3453 ,
1113 3396 1178 3437 se
1220 3375 1645 3455 posthabitum
1690 3376 1879 3439 fuisse
1906 3420 1928 3454 ,
1998 3374 2151 3439 licet
