2400 3996
332 285 541 338 Ροκτ.

347 359 413 406 A.
433 355 527 410 vl.

595 166 724 255 '196
1129 162 1518 230 BENEDICTI
1562 161 1743 230 XIV.

600 276 617 333 i
663 277 785 334 sius
823 274 993 333 Beati
1033 275 1575 333 canonizationem
1597 318 1614 346 ‚
1642 291 1766 331 non
1796 282 2079 349 quatuor
2099 313 2123 340 ,
2152 275 2267 338 sed

643 371 723 411 uo
773 361 1018 410 tantum
1083 349 1378 411 Miracula
1435 349 1832 427 approbanda
1902 363 2263 426 superesse.

595 433 816 504 Itaque
866 426 1154 505 proedicta
1208 429 1540 504 quaestione
1587 428 1904 504 proposita
1950 429 2016 486 in
2088 433 2264 488 Cou-

577 507 948 582 ·gregatione
971 503 1240 580 generali
1258 504 1583 564 Sacrorum
1604 505 1857 563 Rituum
1885 521 2108 563 coram
2140 510 2265 566 No-

598 582 694 641 bis
718 582 1044 642 habita-die
1069 603 1211 641 xxn.
1234 581 1605 657 Septembris
1632 584 1753 639 An.
1776 585 2265 656 MDCCXLIV.,

599 662 908 718 unanimis
924 661 1200 719 omnium
1222 677 1431 718 sensus
1456 659 1594 730 fuit,
1612 668 1685 717 ut
1708 656 1783 716 ad
1805 655 2160 716 solemnem
2192 663 2261 718 B.

599 739 828 794 PETRI
853 737 1396 794 Canonizationem
1429 735 1686 796 servatis
1711 733 2027 793 servandis
2046 755 2263 812 quan·

599 811 949 888 ducumque
987 812 1238 888 procedi
1277 822 1483 888 posset
1513 831 1530 870 ε
1573 815 1819 887 Nosque
1850 813 1964 886 ipsi
2016 811 2270 872 deinde

600 885 871 946 solemne
912 893 1239 948 Decretum
1282 891 1343 947 in
1394 888 1653 948 eandem
1701 889 2079 946 sententiam
2126 889 2264 948 edi·

601 962 802 1023 dimus
841 965 943 1024 die
974 987 1061 1027 vl·
1113 965 1400 1024 Octobris
1438 965 1709 1042 eiusdem
1742 965 1929 1023 Anni.

677 1046 959 1119 Cumque
1015 1041 1373 1103 Chai-issimi
1426 1043 1493 1101 in
1540 1041 1789 1102 Christo
1841 1039 1985 1100 Filii
2036 1044 2265 1102 Nostri

597 1116 911 1195 Philippus
951 1123 1070 1192 V„
1115 1128 1178 1177 et
1221 1117 1571 1178 Elisabetha
1611 1125 1741 1195 ejus
1796 1121 2041 1208 Coniux
2077 1164 2097 1191 ,
2145 1121 2258 1178 Hi-

576 1205 580 1210 '
597 1199 950 1270 spaniarum
968 1200 1158 1272 Reges
1177 1195 1513 1269 Catholici,
1534 1214 1677 1254 cum
1699 1192 1950 1271 reliquls
1968 1203 2259 1270 ipsorum

597 1275 798 1348 Regiae
831 1271 1100 1333 Familiae
1131 1271 1548 1348 Principibus,
1581 1270 1820 1331 oblatas
1851 1277 1973 1348 jam
1999 1271 2257 1348 pridem

597 1369 634 1408 a
674 1349 1219 1411 praedecessoribus
1260 1353 1383 1410 suis
1426 1350 1785 1426 Apostolicae
1842 1347 1979 1406 Sedi
2035 1368 2256 1425 preces

597 1436 662 1484 et
695 1425 1138 1504 postulationes
1160 1447 1276 1504 pro
1308 1426 1491 1504 huius
1511 1430 1581 1485 B.
1602 1426 1735 1486 Viri
1754 1427 2255 1486 Canonizatione

599 1505 770 1562 omni
827 1505 1032 1562 studio
1076 1505 1403 1579 foverent3
1460 1501 1944 1578 accederentque
1988 1503 2057 1561 in
2104 1524 2251 1562 eum

597 1579 782 1638 finem
825 1578 1239 1656 complurium
1273 1578 1737 1642 venerabilium
1790 1583 2083 1638 Fra-trum
2140 1583 2247 1639 Hi·

597 1658 824 1730 spaniae
861 1659 1223 1717 Antistitum
1253 1703 1269 1730 ‚
1298 1659 1611 1734 totiusque
1650 1655 2087 1732 religiosissimi
2128 1659 2243 1716 Or·

597 1731 759 1791 dinis
805 1737 1095 1792 Fratrum
1151 1736 1463 1793 Minorum
1502 1735 1562 1793 S.
1600 1735 1907 1793 Francisci
1942 1742 2095 1793 vota
2121 1774 2142 1805 ‚
2184 1744 2246 1795 et

598 1807 1090 1888 obsecrationes3
1129 1815 1283 1884 Nos,
1320 1821 1387 1870 ut
1416 1812 1483 1869 in
1513 1810 1629 1870 hoe
1670 1811 2031 1886 gravissimo
2060 1830 2240 1886 nego·

577 1886 688 1944 ·tio
711 1891 883 1961 iuxta
923 1889 1344 1970 praescriptam
1389 1898 1819 1966 servatamque
1847 1909 1881 1946 a
1907 1885 2240 1948 Praedeces·

597 1962 841 2023 soribus
886 1966 1112 2025 nostris
1149 1965 1371 2041 agendi
1406 1985 1686 2037 normam
1732 1964 2237 2041 procederemus,

583 2039 873 2099 ⁴universi
893 2044 1161 2118 primum
1179 2041 1437 2119 Collegii
1454 2038 1920 2104 'venerabilium
1944 2047 2239 2102 Fratrum

599 2120 968 2179 Nostrorum
1007 2124 1239 2179 Sanctae
1289 2125 1581 2183 Romanae
1625 2117 1903 2187 Ecclesiae
1941 2118 2234 2179 Cardiua·

599 2190 751 2253 lium
787 2196 851 2254 in
891 2199 1271 2257 consistorio
1303 2207 1537 2257 secreto
1563 2216 1652 2258 vi.
1697 2195 1843 2255 Idus
1880 2193 2111 2271 Aprilis
2140 2215 2233 2255 co-

310 2296 580 2351 eonfism,
599 2290 734 2331 ram
775 2272 964 2332 Nobis
1016 2286 1523 2351 congregatorum
1581 2274 1950 2333 sententiam
1986 2318 2002 2343 ‚
2050 2282 2233 2349 atquc

297 2368 434 2416 rium
490 2347 926 2427 se‚.consilium
965 2354 1422 2428 exquisivimus.
1444 2349 1693 2425 Quibus
1720 2394 1735 2421 ,
1770 2360 1909 2425 post
1959 2348 2234 2408 auditam

295 2441 517 2485 cretum·
545 2476 548 2483 .

597 2444 634 2483 a
667 2425 854 2485 Nobis
885 2438 1194 2502 gestorum
1222 2430 1440 2488 seriem
1460 2472 1478 2500 ,
1507 2437 1570 2485 et
1591 2426 1762 2485 Beati
1788 2428 1921 2487 Viri
1992 2423 2233 2485 raeclara

596 2503 851 2574 merita,
882 2504 961 2561 ad
983 2502 1317 2579 legitimam
1349 2510 1561 2565 Causae
1578 2501 1762 2581 huius
1788 2502 1935 2563 abso
1965 2503 2233 2563 utionem

596 2578 876 2637 unanimi
907 2598 1058 2640 voce
1101 2584 1225 2639 Nos
1263 2579 1781 2657 adhortantibus;
1816 2598 1942 2639 non
1987 2578 2229 2639 vicinio·

596 2672 696 2713 res
748 2652 974 2728 modo,
1001 2649 1137 2714 ‘sed
1182 2658 1367 2715 etiam
1422 2658 1781 2717 remotiores
1828 2676 1939 2734 per
1991 2652 2229 2716 Italiam

594 2731 922 2806 Episcopus
939 2776 955 2805 ‚
979 2742 1042 2791 et
1064 2732 1568 2809 Archiepiscopos
1586 2734 1821 2793 moneri
1844 2733 2191 2792 curavimus
2206 2777 2223 2809 ‚

595 2816 671 2865 ut
709 2808 955 2867 circiter
987 2806 1291 2869 Kalendas
1315 2812 1557 2880 sanias,
1592 2811 1817 2887 quibus
1842 2809 2226 2869 commodum

596 2893 789 2957 esset,
834 2884 911 2943 ad
957 2886 1187 2945 Urbem
1235 2882 1371 2947 sese'
1400 2888 1794 2964 conferrent3
1832 2886 1995 2963 qui),
2036 2895 2097 2944 et
2138 2887 2221 2945 iu-

596 2971 862 3021 stantem
901 2962 1177 3024 Natalem
1225 2964 1389 3024 diem
1427 2970 1754 3024 Beatorum
1796 2960 2223 3039 Apostolorum

595 3040 757 3098 Petri
796 3049 858 3098 et
881 3040 1084 3107 Pauli,
1109 3044 1305 3101 veteri
1337 3060 1509 3101 more
1527 3087 1543 3114 ‚
1572 3041 1893 3100 nobiscum
1922 3040 2047 3099 una
2080 3037 2222 3099 cele·

593 3114 890 3191 brai-ent3
933 3128 996 3176 et
1049 3118 1235 3178 Nobis
1275 3118 1353 3177 de
1382 3117 1687 3194 saepedicti
1725 3123 1791 3177 Β.
1840 3119 2067 3177 PETRI
2101 3120 2218 3175 RE-

595 3194 939 3267 GALATI,
991 3214 1105 3251 nee
1155 3215 1283 3254 non
1328 3200 1442 3254 BB.
1498 3192 1725 3253 Fidelis
1771 3214 1809 3252 a
1857 3194 2221 3268 Sigmaringa

599 3270 888 3342 Martyris
913 3315 929 3341 ‚
972 3269 1219 3329 Camilli
1266 3271 1343 3331 de
1374 3269 1549 3331 Lellis
1574 3314 1588 3338 ‚
1613 3281 1683 3335 et
1715 3268 1965 3346 Joscpbi
2002 3289 2037 3328 a
2078 3272 2219 3328 Leo-

597 3344 758 3401 nissa
822 3346 1254 3406 consessorum
1288 3394 1304 3423 ‚
1364 3357 1429 3407 et
1472 3347 1823 3407 Catharinae
1881 3346 1961 3404 de
2019 3346 2216 3405 Ricciis

596 3420 868 3497 Virginis
884 3464 902 3499 ,
939 3421 1195 3486 solemni
1224 3426 1701 3487 canonizatione
1727 3420 2215 3497 deliberantibuS,
