2400 3996
870 234 1342 303 Btmmnrmfe
1795 238 1919 329 539

293 337 582 401 Conciliis
609 339 793 403 editis
806 342 1350 420 generalibu=s’,·-vel
1365 333 1730 423 specialibus
1754 347 1917 407 Gon·
1975 364 2018 417 Α
2043 354 2078 415 ις’
2099 379 2130 412 n
2151 380 2182 415 ο

290 416 753 496 stitutionibus,
794 430 860 481 et
900 422 1450 497 Ordinationibus,
1488 442 1601 482 nec
1627 432 1748 482 non
1783 424 1916 499 q‘ui·
2015 432 2163 503 ¹747·

288 492 541 571 busvis,
580 498 764 557 etiam
808 504 1192 576 iuramento,
1233 499 1704 560 confirmatione
1745 503 1920 574 Apo·
2027 578 2038 584 ⁴

174 632 179 643 ,
288 571 502 632 stoliea
522 618 539 647 ,
580 573 687 633 vel·
718 578 932 652 quavis
970 575 1268 637 firmitate·
1288 575 1409 637 alia
1455 576 1760 636 roboratis
1795 587 1915 636 sta·

288 651 442 708 tutis
462 690 481 721 ,
523 661 586 710 et
622 653 1169 715 consuetudinibus
1211 656 1395 714 etiam
1421 651 1915 714 immemorabili·

290 724 449 800 bus,
494 727 824 805 privilegiis
860 748 1109 808 quoque
1130 776 1147 805 ,
1194 730 1703 809 exemptionibus,
1734 740 1797 789 et
1823 732 1912 789 in·
2013 738 2016 745 '

289 800 511 878 dahis,
564 808 752 865 etiam
789 808 856 866 in
898 828 1155 885 corpore
1186 810 1340 885 iuris
1375 807 1632 881 clausis,
1672 817 1798 866 aut·
1819 808 1914 867 Li·

288 882 437 939 teris
471 883 837 958 Apostolicis
876 886 1199 961 quibusvis
1225 888 1500 946 Personis
1525 931 1542 960 ,
1587 882 1871 960 Collegiis
1895 924 1914 955 ‚

288 954 473 1028 locis,
518 960 855 1021 Ordinibus
899 964 1082 1021 etiam
1124 961 1519 1036 militaribus,
1574 966 1914 1039 congrega·
1997 1018 2006 1027 ,

286 1034 563 1096 tionibus
608 1082 625 1111 ,
675 1040 1074 1099 societatibus
1115 1084 1132 1114 ,
1184 1041 1670 1113 et·1nstitutis·‚'
1705 1036 1916 1099 aliisve

286 1110 664 1189 quibuslibet
701 1116 991 1192 specifica·
1019 1124 1081 1174 et
1122 1116 1440 1176 individua
1485 1117 1796 1175 mentione
1821 1114 1912 1173 di·

286 1189 457 1267 guis3
498 1194 679 1251 etiam
712 1190 828 1251 sub
853 1192 1342 1269 quibuscumque
1378 1188 1709 1253 verborum
1740 1202 1910 1251 teno-

286 1265 459 1325 ribus
485 1312 502 1341 ,
566 1279 629 1329 et
693 1268 948 1341 formis,
1006 1279 1069 1329 et
1137 1290 1286 1329 cum·
1341 1269 1658 1348 quibusvis
1729 1270 1913 1329 etiam

284 1340 571 1403 clausulis
634 1354 696 1403 et
739 1345 1010 1411 ,decretis
1041 1391 1059 1421 ,
1124 1347 1312 1410 etiam
1384 1347 1924 1421 derogatoriarumf

282 1418 717 1497 derogatoriis,
750 1431 813 1482 et
856 1422 1284 1499 irritantibus,
1311 1424 1375 1482 in
1408 1434 1628 1500 genere
1651 1465 1667 1493 ,
1711 1420 1811 1484 vel
1846 1424 1912 1495 in

282 1500 517 1575 specie,
579 1501 764 1559 etiam
807 1502 979 1560 Motu
1035 1498 1254 1571 simili,
1303 1508 1388 1574 et,
1417 1501 1496 1560 de
1545 1497 1912 1577 Apostolicae

281 1578 603 1651 potestatis
637 1576 1056 1655 plenitudine,
1097 1596 1206 1637 seu
1245 1578 1779 1643 consistorialiter.
1837 1595 1910 1636 ac

281 1649 432 1713 alias
456 1652 923 1729 quomodolibet
954 1655 1021 1713 iu
1046 1657 1428 1715 contrarium
1459 1656 1910 1734 praemissorum

281 1734 613 1806 concessis,
663 1750 735 1790 ac
786 1730 1019 1809 pluries
1058 1732 1434 1795 confirmatis
1457 1777 1474 1806 ‚
1518 1729 1907 1809 approbatis,

279 1817 344 1867 et
360 1808 689 1868 innovatis.
712 1808 1248 1884 Quibusomnibus
1263 1820 1332 1870 'et
1353 1808 1608 1887 singulis
1624 1854 1641 1882 ,
1668 1810 1907 1868 etiamsi

276 1902 394 1962 pro
440 1882 687 1943 illorum
712 1884 1037 1946 sufficienti
1081 1886 1476 1963 derogatione
1525 1886 1602 1947 de
1641 1884 1760 1945 illis
1798 1904 1897 1945 eo·

280 1978 543 2036 rumque
581 1961 1254 2040 tenoribus-specialis,
1296 1963 1608 2043 specifica,
1649 1972 1710 2024 et
1747 1961 1902 2024 indi-

280 2037 468 2101 vidua
508 2038 773 2112 mentiO,
813 2059 919 2098 seu
958 2043 1185 2116 quaevis
1231 2041 1350 2102 alia
1387 2042 1688 2118 expressio
1727 2039 1804 2099 ad
1841 2039 1906 2099 id

278 2115 580 2176 servanda
620 2114 814 2187 foret,
855 2113 1103 2176 illorum
1137 2128 1418 2192 tenores,
1465 2117 1727 2189 formas,
1761 2135 1904 2176 cau·

278 2211 375 2254 sas
398 2238 415 2261 ,
475 2202 541 2252 et
599 2193 951 2252 occasiones·
997 2193 1399 2270 praesentibus
1445 2213 1562 2270 pro
1612 2191 1800 2271 plene
1843 2203 1907 2254 et

278 2268 652 2332 sufficienter
692 2270 1023 2348 expressis,
1068 2281 1134 2331 ct
1184 2271 1555 2346 exactissime
1609 2269 1860 2330 servatis
1885 2314 1906 2343 ,

281 2356 343 2407 et
380 2346 739 2423 specificatis
773 2349 1107 2424 respective
1141 2346 1439 2408 babentes
1458 2388 1475 2418 ‚
1516 2345 1636 2407 illis
1665 2344 1814 2406 alias
1839 2349 1903 2406 iu

277 2442 390 2484 suo
442 2422 665 2483 robore
706 2425 1158 2501 permansuris,
1213 2423 1328 2485 hac
1366 2424 1500 2486 vice
1538 2423 1857 2483 dumtaxat
1881 2443 1934 2496 ‚¹

278 2499 359 2559 ad
404 2501 854 2576 praemissorum
897 2499 1222 2568 effectum,
1269 2495 1616 2578 plenissime
1657 2509 1722 2560 et
1773 2521 1899 2560 am·

274 2573 579 2654 piissime,
620 2582 789 2637 Motu
827 2579 963 2656 pari
999 2578 1402 2654 derogamus,
1444 2587 1508 2638 et
1541 2576 1905 2654 derogatum

278 2673 405 2713 esse
452 2651 738 2714 volumus
782 2698 806 2729 ,
856 2655 1210 2732 caeterisque
1272 2655 1598 2716 contrariis
1649 2653 1903 2732 quibus-

275 2749 562 2808 ⁰¹¹¹¹¹q¹¹⁶·
691 2807 706 2822 .
1219 2807 1224 2814 .
1572 2809 1584 2823 .
1749 2811 1756 2820 .
1959 2768 2112 2823 ruma
2175 2797 2196 2811 -

352 2807 655 2870 Volumus
688 2827 935 2888 insuper
957 2853 975 2884 ,
1011 2819 1072 2871 et
1104 2809 1320 2870 eadem
1351 2818 1716 2869 auctoritate
1749 2825 1900 2884 prae·
1925 2836 2052 2889 5025
2075 2854 2131 2906 P,
2178 2871 2200 2884 ‚

278 2882 438 2942 dicta
484 2883 844 2946 mandamus
866 2928 885 2958 ,
924 2896 997 2945 ut
1046 2886 1272 2947 eaedem
1325 2895 1682 2964 praesentes,
1721 2895 1783 2943 et
1835 2886 1900 2944 in
1922 2904 2198 2957 „nasoon

278 2959 365 3018 eis
413 2971 701 3020 contenta
742 2979 1140 3040 quaecumque
1178 2961 1262 3025 ad
1301 2963 1584 3021 omnium·
1619 2961 1899 3021 notitiam
1923 2973 2152 3040 stitutio-

276 3033 514 3096 facilius
544 3038 959 3113 deducantur,
984 3060 1097 3099 nec
1137 3041 1460 3116 quisquam
1494 3037 1572 3096 de
1613 3038 1698 3096 eis
1729 3038 1900 3114 igno·
1921 3039 2004 3090 ni·
2027 3042 2078 3088 in
2095 3041 2198 3116 Uf-

274 3113 543 3173 rantiam
588 3115 968 3190 praetendere
1025 3115 1230 3176 valeat
1261 3137 1278 3154 ·
1328 3115 1486 3191 ipsas
1537 3125 1860 3190 praesentes
1881 3159 1899 3188 ‚
1925 3107 2040 3184 beo,
2104 3113 2194 3183 ²¹!-

273 3207 380 3250 seu
449 3209 661 3250 earum
718 3201 1106 3269 transumpta
1134 3237 1151 3265 ,
1203 3159 1285 3251 ad
1345 3190 1556 3252 valvas
1623 3188 1900 3251 Ecclesia
1922 3173 2198 3290 ''⁰¹2³'‘

276 3268 481 3326 Sancti
520 3268 772 3329 Joannis
822 3272 886 3331 in
930 3274 1268 3342 Laterano,
1319 3277 1381 3328 et
1424 3264 1684 3329 Basilicae
1729 3269 1895 3328 Prin·
1948 3306 1960 3319 ·
2075 3305 2086 3317 ·
2133 3305 2170 3352 ,-

273 3344 425 3420 cipis
470 3343 903 3420 Apostolorum
958 3345 1036 3407 de
1075 3345 1276 3419 Urbe,
1317 3363 1430 3404 nec
1469 3364 1594 3404 non
1645 3342 1896 3405 Cancel·
1921 3320 2195 3425 ,ἑζιίἐέῑϊ

271 3418 438 3480 lariae
461 3419 823 3498 Apostolicae
842 3469 859 3498 ,
886 3421 1083 3483 Curiae
1114 3417 1430 3483 Generalis
1445 3423 1898 3482 Innocentianae
1918 3439 2164 3490 omnibus

274 3496 337 3558 iu
378 3500 584 3559 Monte
637 3500 975 3576 citatorio,
1021 3509 1083 3562 et
1122 3500 1187 3562 in
1231 3499 1380 3562 Acie
1414 3499 1631 3576 Campi
1670 3495 1897 3572 Florae,
1921 3504 2089 3560 facta.
