2400 3996
885 139 1333 206 BULLARrum.
1858 170 1878 208 1
1900 170 1925 210 1

289 248 352 310 iu
383 259 676 324 personas
707 247 1024 310 saeculares
1061 250 1307 312 admitti
1332 296 1347 322 ,
1379 253 1495 310 nisi
1536 252 1767 328 praevio
1798 271 1933 310 exa·
1993 259 2041 308 A
2062 274 2091 305 u
2116 273 2145 306 ιε
2174 275 2207 306 o

291 327 490 397 mine,
521 335 584 384 et
609 324 1061 401 approbatione
1092 329 1311 402 Episco
1395 348 1535 386 rum
1578 325 1891 388 Lo'calium
1918 371 1934 396 ,
2034 324 2179 392 ⁸74⁶·

289 405 420 462 sive
438 403 712 475 ipsorum
731 403 1066 477 respective
1103 401 1319 464 Officia
1350 406 1473 463 ium
1497 414 1596 479 ;et
1616 414 1743 464 tam
1770 407 1932 464 Con-

291 477 414 536 cilii
441 476 792 542 Tridentini
821 484 1076 538 Decreta
1093 526 1109 550 ‚
1133 500 1321 556 quam
1336 483 1755 540 Romanorum
1780 483 1934 538 Pon·

289 555 526 624 tificum
572 555 1066 614 constitutiones
1101 556 1455 634 huiusmodi
1488 557 1761 614 Decretis
1788 575 1934 614 con-

271 641 612 690 sentaneas
631 675 648 702 ,
681 631 744 688 in
777 631 1082 707 praedictis
1100 631 1475 709 Regionibus
1504 652 1685 691 suum
1704 630 1934 704 robur,

289 717 352 766 et
380 705 842 770 observantiam
879 707 1189 768 obtinere.
1224 739 1227 742 ·

293 842 304 847 ,
367 787 581 859 Neque
621 783 814 859 porro
869 785 934 842 in
981 784 1174 845 Indiis
1229 783 1655 846 Orientalibus
1725 784 1933 860 ignota
2022 805 2241 860 Arcffiss,

291 869 438 918 sunt
463 858 822 920 eorumdem
841 859 1373 936 Apostolicorum,
1409 873 1471 922 et
1492 859 1932 922 Conciliarium
1956 871 2199 938 piscopos

291 940 695 994 Decretorum
769 947 1004 997 statuta
1077 959 1095 997 ε
1161 938 1471 1013 Siquidem
1524 945 1611 998 'ex
1664 938 1934 999 Civitate
1955 940 2080 991 Goae
2101 942 2235 1004 juris

292 1014 540 1086 Goana,
572 1009 972 1072 celeberrimo
1011 1014 1078 1072 in
1105 1014 1299 1074 Indiis
1354 1013 1771 1076 Orientalibus
1814 1019 1928 1072 Lu·
1954 1007 2243 1085 §ficti‘m‘m

291 1089 524 1148 sitaniae
550 1092 762 1164 Regno
779 1089 1068 1148 sub'ectis
1099 1091 1377 1167 emporio
1397 1137 1415 1165 ,
1448 1092 1807 1168 nuperrime
1834 1110 1933 1148 ac·
1954 1090 2010 1122 ¹¹²
2022 1075 2237 1138 Regula.

288 1167 560 1240 cepimus
579 1209 596 1236 .,
643 1169 884 1228 Venera
931 1165 1071 1226 ilem
1115 1172 1397 1228 Fratrem
1441 1167 1808 1226 modernum
1840 1167 1929 1242 ip·
1955 1139 2238 1256 ξεῖἀᾼῖῗζ

291 1241 413 1303 sius
443 1241 744 1301 -Civitatis
781 1241 1325 1320 Archiepiscopum
1354 1287 1371 1311 ,
1410 1245 1541 1320 ipso
1588 1244 1932 1318 praesertim
1990 1289 2197 1322 marum

291 1315 538 1376 favente
577 1317 906 1377 Garissimo
923 1321 988 1378 in
1005 1319 1257 1379 Christo
1273 1317 1431 1376 Filio
1455 1322 1676 1378 Nostro
1698 1323 1935 1376 Joanne
1955 1337 2230 1406 deputatos

249 1415 256 1420 ·
291 1390 525 1452 Illustri
559 1393 940 1469 Portugalliae
965 1439 984 1468 ,
1025 1405 1090 1452 et
1133 1393 1565 1470 Algarbiorum
1604 1399 1801 1470 Rege,
1827 1413 1931 1452 cu·
1954 1413 2177 1458 exercet.

292 1475 384 1546 ius
419 1479 734 1544 perspecta
773 1471 1002 1546 pietas,
1043 1480 1107 1530 et
1139 1468 1569 1546 Ecclesiastieoe
1597 1467 1934 1547 disciplinae

290 1543 452 1604 zelus
492 1544 606 1608 hac
659 1547 846 1604 etiam
885 1549 950 1606 in
990 1567 1059 1606 re
1117 1545 1453 1606 clarissime
1491 1548 1881 1606 emicuerunt
1914 1593 1931 1622 ,

293 1633 477 1697 atque
507 1619 842 1698 adjuvante
880 1620 1110 1700 ,dilecto
1153 1622 1311 1682 Filio
1356 1622 1563 1682 Nobili
1584 1625 1738 1686 Viro
1771 1629 1929 1682 Mar·

289 1697 511 1758 chione
538 1699 742 1758 Castri
775 1700 930 1759 Novi
957 1700 1022 1758 in
1061 1699 1370 1775 pnaedictis
1398 1699 1771 1775 Regionihus
1800 1705 1935 1760 Pro-

293 1778 484 1850 Rege,
517 1793 588 1832 ac
617 1782 873 1834 strenuo
896 1775 1093 1850 Regiae
1115 1774 1458 1838 voluntatis
1479 1802 1483 1806 -
1503 1774 1931 1852 Administrog

288 1869 638 1912 concessam
679 1849 798 1908 'sibi
830 1871 870 1910 a
897 1850 1261 1911 Tridentina
1290 1849 1537 1926 Synodo
1564 1851 1931 1929 jurisdictio-

294 1945 454 2001 nem,
473 1936 538 1985 et
550 1923 927 2001 facultatem,
989 1927 1148 1986 uoad
1167 1946 1443 2001 examen,
1456 1937 1521 1986 et
1538 1927 1930 2005 approbatio·

295 2022 434 2063 nem
474 2000 872 2079 Regularium
903 2024 940 2063 a
1021 2005 1371 2065 animarum
1401 2023 1617 2064 curam
1647 2024 1935 2079 persona-

295 2100 434 2139 rum
473 2076 856 2139 saecularium
905 2078 1381 2156 deputatorum,
1434 2081 1599 2139 intra
1648 2082 1932 2139 Dioecesis

290 2176 412 2215 suae
441 2154 628 2226 fines,
678 2153 1060 2229 plenissime,
1105 2167 1176 2216 ut
1210 2178 1325 2232 par
1350 2166 1484 2214 erat
1530 2157 1887 2213 exercuisse.

365 2230 481 2291 Sed
515 2232 809 2307 quoniam
836 2251 1090 2304 eorum,
1206 2252 1261 2290 ae·
1294 2230 1453 2289 bene
1490 2240 1725 2287 statuta
1754 2240 1929 2302 sunt,
1955 2234 2194 2289 Pontifex
2216 2276 2231 2299 ,

291 2327 549 2386 quaeque
575 2306 656 2366 ad
690 2308 996 2383 optimum
1027 2312 1146 2365 Eco
1171 2308 1437 2365 esiaru'm
1477 2312 1710 2362 statum
1744 2306 1929 2362 maxi·
1954 2302 2179 2382 Consilii

296 2404 390 2445 me
426 2384 745 2462 pertinent
764 2427 782 2455 ,
820 2393 1122 2460 perpetua
1161 2378 1571 2457 et²generalis
1620 2381 1929 2455 executio,
1954 2371 2175 2449 ‘ism-den-

293 2462 864 2537 atque-inconcussa
877 2458 1275 2519 observantia
1295 2502 1313 2531 ,
1348 2470 1713 2533 magnopere
1746 2456 1933 2540 Nobis
1956 2444 2059 2555 ¹⁸¹¹}
2133 2439 2231 2554 υἷ’

293 2536 462 2596 eordi
511 2556 637 2597 esse
707 2535 937 2613 debet3
991 2555 1190 2611 neque
1230 2533 1813 2605 committendum,
1858 2546 1933 2595 ut
1952 2520 2035 2623 ⁰0¹⁰
2064 2520 2175 2620 :tite
2207 2598 2228 2609 ,

297 2609 454 2671 ullus
489 2613 556 2671 in
591 2622 910 2689 posterum
944 2611 1185 2684 dubiis,
1230 2620 1294 2669 et
1324 2612 1759 2695 controversiis
1792 2608 1927 2667 adi·
1954 2586 2121 2687 2522„
2168 2589 2235 2688 ¹5¹„

299 2698 392 2749 tus
437 2699 648 2765 pateat
691 2690 755 2746 in
784 2688 1138 2766 hujusmodi
1177 2706 1389 2747 rerum
1404 2694 1669 2761 genere,
1710 2685 1776 2743 in
1806 2706 1929 2761 quo
1953 2702 2047 2753 hac
2062 2703 2239 2754 reedi-

301 2768 624 2827 maximum
671 2763 1124 2826 Ecclesiasticae·
1149 2762 1483 2839 disciplinae
1514 2788 1519 2793 ·
1544 2770 1925 2821 momentum
1953 2775 2031 2819 tas
2053 2802 2096 2847 ‚·
2121 2770 2179 2821 in

299 2842 557 2901 vertitur
584 2862 604 2917 3
657 2840 884 2901 idcirco
904 2852 1078 2902 motu
1108 2842 1361 2918 proprio
1389 2884 1405 2910 ,
1448 2848 1513 2897 et
1536 2848 1701 2898 certa
1736 2838 1927 2896 scien·
1954 2838 2200 2915 omnihus

300 2918 380 2978 tia
395 2961 412 2987 ‚
438 2936 508 2977 ac
525 2926 769 2977 matura
789 2916 1235 2977 deliberatione
1264 2916 1495 2975 Nostris
1510 2957 1527 2987 ,
1556 2914 1757 2989 deque
1776 2917 1933 2987 Apo·
1952 2901 2223 2957 ludunum

297 2991 520 3056 stolicae
555 2995 876 3069 potestatis
902 2993 1314 3070 plenitudine.
1359 2990 1679 3081 volumus,
1712 2990 1929 3079 statui·-
1952 2968 2231 3090 ξζὲὶὲωἰίε·

299 3087 430 3128 mus
446 3113 464 3141 ,
495 3079 558 3129 et
581 3068 938 3133 ordinamus
956 3116 972 3143 ,
1000 3070 1289 3148 praedicta
1306 3068 1683 3149 Tridentinae
1702 3064 1930 3152 bynodi
1986 3103 2163 3154 ionibn

301 3148 556 3205 Decreta
569 3190 590 3218 ,
607 3145 992 3223 singulasque
1009 3144 1389 3223 Apostolicas
1408 3144 1893 3203 Constitutiones
1912 3180 1931 3213 ,
1952 3118 2123 3220 locum
2147 3121 2237 3219 bsa-

301 3230 426 3281 tam
455 3240 493 3280 a
535 3221 1076 3283 Praedecessoribus
1117 3222 1353 3281 Nostris
1375 3239 1608 3295 „quam
1630 3236 1670 3275 a
1712 3215 1931 3291 Nobis,
1954 3237 2071 3287 bere
2119 3237 2203 3287 de.

305 3296 364 3352 in
401 3298 754 3358 eorumdem
793 3306 1190 3359 Decretorum
1218 3295 1781 3362 confirmationem,
1812 3302 2137 3354 arn-cernit.

305 3369 694 3452 plia'tionem,
739 3386 802 3436 et
842 3377 1255 3437 extensionem
1290 3370 1521 3444 editas,
1564 3368 1765 3445 quoad
1795 3371 1931 3443 Epi-
