2400 3996
587 141 714 209 228
1112 136 1499 203 anmc‘ri
1542 133 1720 201 xlv.

325 261 533 313 Pon-r.
589 248 952 311 innocentiae
983 245 1355 317 custodiam,
1388 243 1518 303 sive
1543 240 1620 302 ad
1668 260 1912 301 morum
1956 236 2225 317 discipli-

344 328 527 399 A,0‚V1·
591 347 734 388 nam
756 371 778 401 ,
813 328 940 386 sive
973 323 1050 385 ad
1079 323 1425 399 animorum
1460 320 1729 397 quietem
1768 328 1832 379 et
1870 314 2225 393 tranquilli-

589 412 780 465 tatem
803 446 818 473 ‚
853 403 981 463 sive
1007 399 1086 459 ad
1113 394 1463 474 temporalis
1499 398 1639 455 vitae
1659 392 1929 455 subsidia
1947 438 1967 464 ‚
2006 405 2071 453 et
2094 414 2226 455 eor-

588 500 811 573 porum
831 476 1336 540 incolumitatem.
1371 471 1431 531 Si
1460 489 1593 550 quae
1623 492 1771 531 vero
1803 492 1875 531 ex
1898 470 2229 531 Sororibus

589 578 656 617 in
692 557 976 617 morbum
1015 552 1358 623 incidisset,
1398 556 1527 627 eius
1560 547 1931 626 peculiarem
1970 568 2187 607 curam
2211 592 2233 621 ‚

593 636 770 711 eique
809 629 1184 693 inserviendi
1225 646 1380 687 onus
1420 626 1539 689 sibi
1590 624 2065 700 sumebat3ipsi
2105 622 2235 689 dies

593 720 804 771 noctes
851 730 926 769 ue
953 708 1229 779 adstare,
1265 704 1467 763 omnia
1516 722 1595 761 ue
1626 700 1993 761 Christianae
2030 700 2232 760 ehari-

593 787 739 847 tutis
761 806 800 845 o
863 787 1275 861 cia-praestare
1302 780 1497 856 gaude
1541 789 1628 839 at.
1665 779 1941 854 Denique
1976 778 2043 836 in
2067 795 2235 836 mor-

595 864 675 922 tis
719 882 914 938 agone
961 860 1323 919 constitutas
1370 856 1534 933 apud
1576 861 1771 915 Deum
1824 858 2081 943 juvare,
2134 874 2232 912 ea·

597 957 860 1017 rumque
885 938 1120 997 animas
1154 936 1221 993 in
1260 953 1477 992 manus
1500 936 1539 992 S
1621 932 1751 1005 nsi,
1790 952 1823 989 e
1850 929 2079 1007 quibus
2114 930 2233 989 Ad·

597 1016 906 1075 vei-sarius
925 1034 1026 1072 eas
1049 1031 1264 1089 rapere
1290 1030 1411 1069 non
1439 1030 1517 1069 au
1564 1017 1732 1083 eret,
1760 1005 2235 1081 commendare,

599 1102 663 1152 et
690 1111 805 1167 pro
833 1088 1070 1153 viribus
1105 1106 1370 1148 asserere
1405 1086 1743 1146 nitebatur.
2052 1106 2067 1118 ’
2094 1097 2103 1105 ·

671 1172 882 1246 Neque
923 1178 1130 1226 tamen
1171 1163 1442 1241 angustis
1478 1161 1829 1223 monasterii
1864 1159 1959 1219 sui
2002 1157 2241 1221 finibus

598 1244 902 1305 contineri
935 1243 1140 1320 potuit
1165 1242 1355 1317 ipsius
1374 1237 1693 1299 eharitatis
1715 1258 1811 1297 am
1859 1235 2101 1311 litud03
2128 1236 2237 1295 sod

599 1320 915 1398 quum-ad
955 1338 1168 1379 omnes
1204 1316 1435 1393 ubique
1471 1326 1779 1375 terrarum
1862 1314 2105 1387 omines
2134 1312 2237 1372 di-

599 1396 904 1458 lataretur
937 1416 1046 1455 cor
1091 1401 1253 1473 eim,
1294 1410 1411 1469 pro
1464 1392 1737 1451 omnium
1792 1388 1991 1448 salute
2040 1390 2234 1467 impe-

601 1474 864 1547 tranda,
909 1471 1177 1532 assiduas
1210 1490 1381 1543 suas,
1426 1479 1489 1527 et
1532 1466 1820 1525 Sororum
1864 1485 2079 1542 preces
2104 1508 2125 1539 ‚
2174 1476 2239 1525 et

605 1549 986 1610 voluntarios
1027 1550 1213 1621 etiam
1244 1545 1518 1621 cos-poris
1546 1544 1639 1603 sui
1670 1543 2015 1615 cruciatus,
2048 1562 2239 1621 seque

581 1635 798 1685 ·totam
839 1623 1265 1699 omnipotenti
1320 1626 1481 1685 Deo,
1522 1618 1713 1681 veluti
1754 1620 2029 1679 Hostiam
2068 1622 2234 1696 paci-

605 1700 818 1775 ficam,
863 1701 930 1759 in
969 1701 1263 1757 unionem
1300 1696 1584 1757 Sacrifieii
1622 1695 2083 1771 Redemptionis
2118 1696 2235 1755 hu-

603 1793 828 1841 manae,
859 1777 992 1835 sine
1028 1774 1477 1835 intermissione
1510 1771 1827 1833 offerebat.
1856 1772 2019 1846 Quin
2046 1773 2235 1833 etiam

573 1852 684 1911 -ad
732 1849 1140 1912 sublevandas
1197 1869 1535 1927 pauperum
1552 1894 1573 1923 ‚
1630 1860 1693 1909 et
1737 1847 2237 1909 calamitosorum

605 1929 884 1988 omnium
933 1947 1267 2000 aerumnaa,
1318 1926 1486 2005 quod
1522 1927 1657 2003 ipsa.
1684 1946 1797 2004 per
1837 1944 1901 1983 se
1944 1936 2235 2001 praestare

603 2025 729 2066 non
763 2015 1044 2082 poterat,
1084 2004 1179 2077 id,
1218 2005 1473 2064 excitata
1512 2004 1639 2063 suis
1665 1998 2119 2064 hortationibus
2142 2003 2233 2063 di-

603 2084 829 2142 tiorum
882 2080 1214 2154 charitate,
1267 2090 1539 2140 assecuta
1586 2081 1739 2152 fuit,
1802 2089 1877 2136 ut
1934 2079 2234 2140 immensa

601 2159 1002 2236 pecuniarum
1055 2158 1146 2218 vis
1189 2177 1303 2234 per
1359 2167 1553 2216 totam
1608 2156 1955 2216 Hetruriam
1994 2153 2239 2220 alendis

605 2236 842 2311 egenis,
869 2233 1241 2311 excipiendis.
1264 2235 1501 2310 aegrotis
1517 2276 1533 2303 ‚
1554 2233 1755 2293 viduis
1770 2273 1787 2300 ‚
1816 2229 2147 2307 orphanis,
2172 2246 2237 2295 et

603 2311 854 2372 senibus
875 2309 1287 2372 sustentandis
1302 2355 1320 2384 ,
1338 2309 1677 2386 virginibus
1700 2307 2069 2368 collocandis
2094 2330 2232 2371 ero·
2298 2315 2307 2332 ’

605 2398 875 2462 garetur.
903 2390 1180 2463 Denique
1205 2386 1280 2446 ad
1306 2387 1627 2462 purgantis
1651 2383 1923 2444 Ecclesia·
1954 2383 2233 2447 levamen

503 2479 508 2486 ·
603 2481 732 2522 non
785 2465 1012 2523 minori
1065 2461 1269 2522 studio
1322 2466 1598 2536 intenta,
1650 2460 2101 2538 multiplicabat
2166 2464 2235 2524 in

602 2557 746 2596 eum
795 2537 980 2597 finem
1019 2559 1157 2598 suas
1209 2556 1451 2614 preces,
1494 2547 1557 2598 et
1590 2538 1929 2614 lacrymaS‚
1962 2538 2235 2615 jejunia,

601 2611 870 2689 aliasque
901 2614 1104 2673 carnis
1125 2633 1249 2673 suae
1277 2615 1728 2686 afflictationes,
1758 2625 1829 2674 ut
1857 2615 2091 2674 Divina
2123 2619 2234 2674 Ju-

601 2689 778 2779 stitiae
795 2709 911 2766 pro
928 2689 1251 2748 animabus
1274 2689 1475 2749 adhuc
1497 2690 1565 2749 in
1583 2693 1941 2770 captivitate
1964 2689 2237 2754 detentis

599 2765 948 2825 satisfacere
979 2776 1343 2826 mereretur.
2149 2791 2157 2798 ·

319 2836 578 2920 ξωιὶξοπ·
677 2847 822 2918 Quae
848 2842 1056 2902 omnia
1075 2863 1265 2919 quum
1284 2841 1449 2903 clare
1474 2855 1682 2922 pateat
1707 2865 1829 2904 >non
1850 2846 1979 2905 sine
2000 2847 2231 2920 praevia

303 2911 392 2958 ¹¹⁸
428 2918 696 3010 ‚nv-ani
725 2905 910 2996 istius
940 2918 1345 2996 abnegatione
1383 2941 1419 2980 a
1450 2923 1911 2982 cA'rnAmNA
1944 2921 2099 2982 effici
2120 2941 2231 2998 po·

299 2987 382 3050 3⁸⁸
423 2987 481 3024 '¹²
523 2989 818 3069 “tuisse,
867 2994 1111 3056 silentio
1163 3007 1371 3057 tamen
1408 2997 1833 3074 praetereunda
1877 3018 2001 3057 non
2041 3009 2189 3058 sunt
2212 3044 2230 3070 ,

301 3053 465 3161 ἓξὲξ
491 3057 576 3094 ‘²‘
594 3071 848 3208 2⁰⁸⁸·de
895 3071 1245 3133 admirabili
1287 3074 1473 3150 ipsius
1512 3073 1874 3150 poenitentia
1910 3085 1977 3134 et
2013 3076 2231 3137 morti--

639 3160 880 3210 catione
899 3149 1161 3227 juridice
1179 3150 1601 3226 cognovimus.
1635 3149 1796 3210 Sane
1822 3171 2015 3227 quum
2040 3148 2229 3210 semel

591 3224 825 3285 Mundo
862 3269 888 3298 ,
935 3235 999 3286 et
1045 3228 1283 3286 Satanae
1335 3245 1446 3304 per
1492 3227 1685 3304 ipsam
1734 3224 2031 3304 religiosae
2084 3228 2229 3289 vite

589 3300 1022 3374 professionem
1084 3304 1340 3362 omnino
1412 3303 1829 3364 renunciasset
1858 3345 1873 3366 .
1932 3303 2230 3364 adversm

587 3391 834 3438 carnem
865 3395 1040 3439 suam
1057 3417 1076 3454 ,
1103 3396 1291 3456 quam
1318 3379 1431 3456 ipsi
1460 3378 1679 3442 'datum
1708 3399 1833 3442 non
1866 3380 2073 3442 fimet-at
2101 3380 2228 3444 unii

1996 3649 2063 3666 *Q
