2400 3996
605 160 729 231 538
1124 163 1509 229 sasamon
1550 156 1720 231 XIV.

338 282 375 331 P
396 299 427 332 o
448 298 479 331 s
498 298 548 335 τ.
602 270 1093 349 suspensionibus
1129 313 1143 340 ‚
1192 269 1658 331 limitationibus
1685 315 1703 341 ‚
1761 268 2233 331 modificationi.

340 357 402 399 Α·
428 350 546 401 Vll.
600 348 752 421 bus,
798 348 1326 423 derogationibus,
1369 346 1620 423 aliisque
1665 348 1996 407 contrariis
2032 346 2233 425 dispo-

600 425 961 497 sitionibus,
1004 427 1189 489 etiam
1217 444 1346 501 ‚per
1389 428 1508 485 Nos
1531 466 1548 496 ‚
1586 432 1650 483 et
1688 426 2070 485 Successor-es
2127 444 2234 485 no.

596 512 759 562 stros
800 506 1105 563 Romanos
1140 501 1460 561 Pontifices
1501 519 1614 576 pro
1649 507 1924 576 tempore
1968 502 2236 562 existen·

598 589 693 639 tes
712 623 727 650 ‚
758 590 821 639 et
840 578 1050 640 Sedem
1072 577 1481 654 Apostolicam
1506 574 1822 652 praefatam
1845 577 2034 637 etiam
2061 583 2238 639 Motu

600 653 835 725 simili,
890 657 1076 717 etiam
1124 652 1624 714 consistorialiter
1649 696 1667 725 ,
1725 674 1798 713 ex
1850 649 2240 731 quibuslibet

600 733 829 803 causis,
871 742 933 793 et
968 731 1083 795 sub
1122 730 1438 805 quibusvis
1477 728 1806 797 verborum
1856 730 2188 791 tenoribus
2217 775 2236 805 ‚

596 818 669 867 et
708 806 955 882 formis,
993 828 1073 875 ae.
1104 827 1246 866 cum
1297 806 1612 883 quibusvis
1647 803 1930 866 clausulis
1961 850 1980 879 ‚
2032 817 2101 867 et
2132 806 2236 867 de-

600 885 781 943 cretis
798 928 815 955 ,
843 885 1078 945 etiamsi
1099 885 1160 949 in
1194 885 1282 943 eis
1309 884 1388 943 de
1413 883 1634 947 eisdem
1655 881 2056 959 praesentibus
2074 928 2094 957 ‚
2137 904 2234 944 ea.

596 980 861 1037 rumque
902 972 1035 1021 toto
1074 970 1322 1031 tenore,
1365 981 1436 1023 ac
1483 960 1626 1021 data
1665 958 1940 1035 specialis
1981 962 2237 1021 mentio

598 1036 737 1106 fiat,
764 1056 883 1112 pro
901 1048 1175 1113 tempore
1209 1036 1381 1097 factis
1401 1079 1416 1106 ‚
1441 1048 1504 1096 et
1534 1037 1863 1109 concessis,
1896 1056 1968 1097 ac
1997 1034 2233 1109 facien-

596 1113 724 1185 dis,
756 1123 825 1173 et
856 1112 1256 1178 concedendis
1279 1112 1744 1189 comprehendi,
1769 1112 1874 1175 sed
1909 1123 2236 1189 tamquam

596 1190 677 1251 ad
704 1190 877 1251 Fidei
906 1190 1252 1252 Catholicae·
1279 1191 1812 1266 propagationem,
1845 1197 1909 1249 et
1937 1190 2232 1265 spiritua-

595 1262 719 1329 lem
756 1268 1099 1329 animarum
1121 1266 1464 1344 profectum
1500 1264 1818 1329 tendentes
1853 1286 2132 1343 semper,
2165 1279 2233 1329 et

596 1344 852 1405 omnino
894 1340 973 1405 ab
1005 1343 1121 1405 illis
1164 1344 1396 1419 excipi,
1437 1355 1498 1403 et
1547 1344 1785 1420 quoties
1828 1340 1945 1402 illae
1980 1362 2228 1405 emana-

594 1418 757 1481 bunt
778 1463 795 1491 ,
838 1422 1015 1481 toties
1052 1422 1115 1481 in
1144 1423 1506 1497 pristinum,
1542 1430 1605 1485 et
1643 1417 2124 1493 validissimum,
2157 1440 2232 1481 ac

594 1514 735 1559 eum
764 1540 782 1565 ,
826 1498 895 1555 in
937 1517 1059 1572 quo
1098 1508 1281 1559 antea
1320 1494 1782 1573 quomodolibet
1827 1506 2006 1557 erant
2037 1540 2055 1568 ,
2103 1506 2228 1557 sta·

592 1581 730 1631 tum
758 1575 1071 1633 restitutas
1095 1618 1111 1643 ‚
1140 1577 1466 1649 repositam,
1503 1584 1562 1632 et
1587 1571 1858 1648 plenarie
1889 1573 2225 1649 reintegra·

592 1656 721 1718 tas,
761 1668 833 1707 ac
873 1648 951 1708 de
995 1669 1157 1709 novo
1200 1652 1386 1712 etiam
1442 1649 1556 1709 sub
1599 1666 1984 1725 quacumque
2021 1660 2225 1725 poste-

592 1724 742 1858 rioPi
757 1722 900 1785 data
918 1725 1430 1803 quandocumque
1449 1726 1724 1803 eligenda
1740 1744 2050 1793 concessas
2065 1746 2195 1790 esse
2207 1771 2227 1801 ,

591 1808 655 1859 et
714 1818 871 1861 ore..
1689 1804 1696 1813 '

398 1902 567 1955 Am„
666 1877 923 1953 Sicque,
952 1888 1015 1939 et
1056 1899 1180 1939 non
1230 1878 1378 1941 alias
1418 1881 1484 1941 in
1533 1878 1851 1957 praemissis
1889 1875 2182 1951 omnibus·
2203 1924 2225 1955 ‚

292 1968 513 2033 judicari
592 1961 654 2013 et
690 1951 940 2030 singulis
972 1975 1085 2033 per
1120 1973 1538 2033 quoscumque
1573 1956 2030 2019 Judices-etiam
2061 1958 2222 2017 Cau«

291 2038 525 2100 prohibe·
589 2048 793 2090 sarum
841 2029 1053 2100 Palatii
1088 2031 1423 2110 Apostolici
1458 2035 1819 2104 Auditores‚
1845 2053 1930 2092 .ac
1965 2034 2024 2100 S.
2047 2036 2124 2092 R.
2149 2037 2221 2093 E.

294 2111 397 2152 tur.
591 2107 945 2171 Cardinales
976 2112 1160 2171 etiam
1194 2109 1288 2185 de,
1321 2117 1534 2171 Latere
1583 2115 1875 2187 Legatos,
1909 2107 2223 2186 Vicelegaae

591 2194 719 2258 tos,
752 2185 1051 2265 dictaeque
1079 2185 1250 2247 Sedis
1277 2189 1534 2250 Nuntios
1554 2229 1570 2260 ‚
1601 2204 1671 2251 ae
1709 2185 1858 2254 alios
1895 2203 2223 2261 quoscum·

590 2281 744 2396 (zie,
764 2266 977 2340 quavis
1002 2267 1402 2335 auctoritate,
1427 2274 1726 2339 potestate
1743 2306 1758 2334 ‚
1786 2264 2224 2339 praerogativa,

591 2357 625 2395 e
698 2339 1019 2416 privilegio
1039 2387 1054 2412 ‚
1100 2361 1170 2406 ac
1217 2341 1452 2402 honore
1501 2351 1564 2400 et
1603 2340 2064 2419 praeeminentia
2100 2336 2225 2399 ful.

588 2426 797 2486 gentes
822 2462 839 2486 ,
896 2416 1137 2478 sublata
1173 2418 1256 2480 eis
1285 2427 1404 2491 ‚‚et
1443 2437 1658 2480 eorum
1693 2413 1948 2484 cuilibet
2008 2419 2226 2492 quavis

588 2487 1155 2578 aliter.judicandi‚
1193 2505 1258 2554 >et
1299 2494 1744 2570 interpretandi
1779 2489 2070 2557 facultate
2096 2537 2138 2565 ‚‚
2159 2505 2226 2555 et

588 2575 955 2628 auctoritate
995 2573 1063 2630 'iu'
1122 2590 1510 2648 quocumque
1546 2572 1776 2649 judicio
1801 2615 1817 2642 ,
1853 2579 1918 2628 et
1961 2571 2045 2641 in-
2067 2589 2220 2647 qua,

588 2657 851 2729 cumque
894 2645 1185 2705 instantia
1227 2649 1523 2724 judicari,
1557 2658 1624 2708 et
1671 2646 1917 2711 definiri
1957 2643 2220 2720 debere,

588 2725 651 2774 et
694 2735 745 2776 si
806 2737 977 2780 secus
1032 2741 1214 2797 super
1261 2723 1355 2784 bis
1391 2745 1439 2784 -a
1492 2743 1805 2802 quoquam
1843 2724 2060 2798 quavis
2108 2741 2221 2784 au·

588 2793 871 2854 ctoritate
939 2798 1204 2858 scienter
1243 2843 1260 2872 ,
1325 2799 1424 2862 vel
1487 2802 1843 2877 ignoranter
1891 2801 2230 2883 contigerit

588 2874 927 2946 attentari,
967 2877 1214 2934 irritum
1239 2919 1258 2948 ,
1295 2887 1356 2936 et
1398 2879 1582 2939 inane
1619 2877 2023 2938 decernimus.

289 2981 561 3034 Derooatio
662 2951 799 3010 Non
828 2949 1226 3031 ,obstantibus
1251 2957 1670 3016 Lateranensis
1703 2950 1963 3016 Concilii
1989 2951 2071 3012 ab
2107 2956 2221 3014 Eo-

287 3021 559 3102 contssrfi,
585 3020 780 3086 clesiis
806 3027 1080 3088 membra
1118 3029 1409 3106 distingui
1431 3075 1460 3104 ,.
1485 3042 1548 3091 et
1569 3031 1763 3092 dividi
1797 3028 2224 3107 prohibentis,

586 3119 657 3160 ac
690 3105 910 3162 nostris
930 3150 946 3174 ‚
986 3118 1048 3166 et
1067 3104 1470 3170 ,cancellariae
1488 3106 1848 3185 Apostolicae
1885 3103 2112 3182 regulis
2141 3105 2225 3167 de

590 3182 736 3238 ‘ure
764 3184 1015 3253 quaesito
1056 3203 1179 3242 non
1221 3182 1530 3258 tollendo,
1567 3196 1631 3245 et
1661 3182 2220 3250 dismembrationiae

631 3273 701 3340 us
733 3258 1185 3320 committendis
1209 3300 1224 3327 ‚
1257 3259 1511 3338 aliisque
1541 3262 1606 3320 in
1645 3261 2026 3323 contrarium
2063 3279 2221 3336 prae-

584 3347 905 3418 missorum
954 3335 1416 3408 quomodolibet
1475 3336 1651 3398 editis
1686 3383 1704 3414 ,
1767 3335 1866 3400 vel
1915 3335 2175 3398 edendis
2201 3381 2222 3410 ‚

584 3414 765 3478 etlam
801 3427 865 3468 m
901 3409 1306 3484 synodalibus
1331 3459 1348 3488 ,
1385 3413 1870 3486 Provincialibus
1891 3459 1908 3488 ‚
1952 3414 2218 3484 Univerr
