<?xml version="1.0" encoding="UTF-8"?>
<!DOCTYPE html PUBLIC "-//W3C//DTD XHTML 1.0 Transitional//EN"
    "http://www.w3.org/TR/xhtml1/DTD/xhtml1-transitional.dtd">
<html xmlns="http://www.w3.org/1999/xhtml" xml:lang="en" lang="en">
 <head>
  <title>
</title>
<meta http-equiv="Content-Type" content="text/html;charset=utf-8" />
  <meta name='ocr-system' content='tesseract 3.04.00' />
  <meta name='ocr-capabilities' content='ocr_page ocr_carea ocr_par ocr_line ocrx_word'/>
</head>
<body>
  <div class='ocr_page' id='page_1' title='image "benedictipapaex03xivgoog_0224.png"; bbox 0 0 2400 3996; ppageno 0'>
   <div class='ocr_carea' id='block_1_1' title="bbox 602 151 1691 246">
    <p class='ocr_par' dir='ltr' id='par_1_1' title="bbox 602 151 1691 246">
     <span class='ocr_line' id='line_1_1' title="bbox 602 151 1691 246; baseline -0.013 -2"><span class='ocrx_word' id='word_1_1' title='bbox 602 176 724 246; x_wconf 72' lang='lat'><strong>218</strong></span> <span class='ocrx_word' id='word_1_2' title='bbox 887 151 892 160; x_wconf 37' lang='lat'><strong>⁶</strong></span> <span class='ocrx_word' id='word_1_3' title='bbox 1079 174 1471 240; x_wconf 68' lang='lat' dir='ltr'><strong>Bnnssmcn</strong></span> <span class='ocrx_word' id='word_1_4' title='bbox 1511 161 1691 233; x_wconf 75' lang='lat' dir='ltr'><strong>XIV.</strong></span> 
     </span>
    </p>
   </div>
   <div class='ocr_carea' id='block_1_2' title="bbox 333 273 2241 971">
    <p class='ocr_par' dir='ltr' id='par_1_2' title="bbox 333 273 2241 971">
     <span class='ocr_line' id='line_1_2' title="bbox 333 273 2239 360; baseline -0.01 -7"><span class='ocrx_word' id='word_1_5' title='bbox 333 300 375 354; x_wconf 82' lang='grc' dir='ltr'><strong>Ρ</strong></span> <span class='ocrx_word' id='word_1_6' title='bbox 396 316 426 350; x_wconf 91' lang='grc' dir='ltr'>ο</span> <span class='ocrx_word' id='word_1_7' title='bbox 447 314 542 350; x_wconf 69' lang='lat' dir='ltr'><strong>ivr.</strong></span> <span class='ocrx_word' id='word_1_8' title='bbox 597 291 726 346; x_wconf 88' lang='lat' dir='ltr'><strong>Deo</strong></span> <span class='ocrx_word' id='word_1_9' title='bbox 745 283 896 360; x_wconf 25' lang='lat' dir='ltr'><strong>,rqui</strong></span> <span class='ocrx_word' id='word_1_10' title='bbox 933 280 1263 342; x_wconf 81' lang='lat' dir='ltr'><strong>Ecclesiam</strong></span> <span class='ocrx_word' id='word_1_11' title='bbox 1296 297 1469 338; x_wconf 86' lang='lat' dir='ltr'><strong>suam</strong></span> <span class='ocrx_word' id='word_1_12' title='bbox 1504 282 1805 352; x_wconf 80' lang='lat' dir='ltr'><strong>perpetua</strong></span> <span class='ocrx_word' id='word_1_13' title='bbox 1834 273 2239 336; x_wconf 84' lang='lat' dir='ltr'><strong>miseratione</strong></span> 
     </span>
     <span class='ocr_line' id='line_1_3' title="bbox 344 349 2237 441; baseline -0.007 -17"><span class='ocrx_word' id='word_1_14' title='bbox 344 369 413 419; x_wconf 77' lang='lat' dir='ltr'><strong>A·</strong></span> <span class='ocrx_word' id='word_1_15' title='bbox 440 367 530 419; x_wconf 77' lang='lat' dir='ltr'><strong>VI·</strong></span> <span class='ocrx_word' id='word_1_16' title='bbox 599 360 980 433; x_wconf 74' lang='lat' dir='ltr'><strong>custodienS,</strong></span> <span class='ocrx_word' id='word_1_17' title='bbox 1019 355 1261 437; x_wconf 78' lang='lat' dir='ltr'><strong>praeclai</strong></span> <span class='ocrx_word' id='word_1_18' title='bbox 1280 359 1330 416; x_wconf 89' lang='lat' dir='ltr'><strong>is</strong></span> <span class='ocrx_word' id='word_1_19' title='bbox 1362 375 1497 414; x_wconf 88' lang='lat' dir='ltr'><strong>eam</strong></span> <span class='ocrx_word' id='word_1_20' title='bbox 1538 351 1905 410; x_wconf 89' lang='lat' dir='ltr'><strong>Sanctorum</strong></span> <span class='ocrx_word' id='word_1_21' title='bbox 1938 349 2237 441; x_wconf 79' lang='lat' dir='ltr'><strong>exemplis</strong></span> 
     </span>
     <span class='ocr_line' id='line_1_4' title="bbox 367 428 2231 516; baseline -0.007 -16"><span class='ocrx_word' id='word_1_22' title='bbox 367 433 372 438; x_wconf 63' lang='grc'><strong><em>’</em></strong></span> <span class='ocrx_word' id='word_1_23' title='bbox 598 436 874 516; x_wconf 85' lang='lat' dir='ltr'><strong>quotidie</strong></span> <span class='ocrx_word' id='word_1_24' title='bbox 912 437 1216 496; x_wconf 85' lang='lat' dir='ltr'><strong>instruere</strong></span> <span class='ocrx_word' id='word_1_25' title='bbox 1236 479 1254 508; x_wconf 87' lang='lat'>‚</span> <span class='ocrx_word' id='word_1_26' title='bbox 1296 431 1529 492; x_wconf 86' lang='lat' dir='ltr'><strong>meritis</strong></span> <span class='ocrx_word' id='word_1_27' title='bbox 1568 437 1756 502; x_wconf 80' lang='lat' dir='ltr'><strong>atque</strong></span> <span class='ocrx_word' id='word_1_28' title='bbox 1792 428 2091 502; x_wconf 82' lang='lat' dir='ltr'><strong>praesidiis</strong></span> <span class='ocrx_word' id='word_1_29' title='bbox 2129 447 2231 487; x_wconf 86' lang='lat' dir='ltr'><strong>ro·</strong></span> 
     </span>
     <span class='ocr_line' id='line_1_5' title="bbox 596 501 2238 587; baseline -0.007 -13"><span class='ocrx_word' id='word_1_30' title='bbox 596 513 822 576; x_wconf 81' lang='lat' dir='ltr'><strong>horare</strong></span> <span class='ocrx_word' id='word_1_31' title='bbox 844 531 970 573; x_wconf 89' lang='lat' dir='ltr'><strong>non</strong></span> <span class='ocrx_word' id='word_1_32' title='bbox 997 509 1221 570; x_wconf 77' lang='lat' dir='ltr'><strong>desinit</strong></span> <span class='ocrx_word' id='word_1_33' title='bbox 1246 532 1265 587; x_wconf 83' lang='lat'><em>3</em></span> <span class='ocrx_word' id='word_1_34' title='bbox 1288 519 1359 568; x_wconf 90' lang='lat' dir='ltr'><strong>ut</strong></span> <span class='ocrx_word' id='word_1_35' title='bbox 1387 505 1613 583; x_wconf 83' lang='lat' dir='ltr'><strong>quihus</strong></span> <span class='ocrx_word' id='word_1_36' title='bbox 1643 523 1755 579; x_wconf 90' lang='lat' dir='ltr'><strong>per</strong></span> <span class='ocrx_word' id='word_1_37' title='bbox 1788 501 2012 563; x_wconf 89' lang='lat' dir='ltr'><strong>Filium</strong></span> <span class='ocrx_word' id='word_1_38' title='bbox 2046 523 2238 564; x_wconf 89' lang='lat' dir='ltr'><strong>suum</strong></span> 
     </span>
     <span class='ocr_line' id='line_1_6' title="bbox 599 577 2235 662; baseline -0.009 -10"><span class='ocrx_word' id='word_1_39' title='bbox 599 590 976 652; x_wconf 84' lang='lat' dir='ltr'><strong>sanctissima</strong></span> <span class='ocrx_word' id='word_1_40' title='bbox 1020 585 1563 662; x_wconf 78' lang='lat' dir='ltr'><strong>vitae‘documenta</strong></span> <span class='ocrx_word' id='word_1_41' title='bbox 1596 577 1889 654; x_wconf 82' lang='lat' dir='ltr'><strong>tradidit,</strong></span> <span class='ocrx_word' id='word_1_42' title='bbox 1930 578 2235 657; x_wconf 87' lang='lat' dir='ltr'><strong>amplissi-</strong></span> 
     </span>
     <span class='ocr_line' id='line_1_7' title="bbox 598 655 2240 744; baseline -0.007 -17"><span class='ocrx_word' id='word_1_43' title='bbox 598 686 888 744; x_wconf 82' lang='lat' dir='ltr'><strong>mamque</strong></span> <span class='ocrx_word' id='word_1_44' title='bbox 920 661 1195 725; x_wconf 87' lang='lat' dir='ltr'><strong>Coelestis</strong></span> <span class='ocrx_word' id='word_1_45' title='bbox 1230 662 1423 739; x_wconf 58' lang='lat' dir='ltr'><strong>Regni</strong></span> <span class='ocrx_word' id='word_1_46' title='bbox 1456 655 1875 718; x_wconf 79' lang='lat' dir='ltr'><strong>haereditatem</strong></span> <span class='ocrx_word' id='word_1_47' title='bbox 1901 657 2192 732; x_wconf 83' lang='lat' dir='ltr'><strong>promisit</strong></span> <span class='ocrx_word' id='word_1_48' title='bbox 2218 695 2240 728; x_wconf 87' lang='lat'>,</span> 
     </span>
     <span class='ocr_line' id='line_1_8' title="bbox 598 730 2239 818; baseline -0.007 -16"><span class='ocrx_word' id='word_1_49' title='bbox 598 742 814 802; x_wconf 87' lang='lat' dir='ltr'><strong>iisdem</strong></span> <span class='ocrx_word' id='word_1_50' title='bbox 863 760 975 818; x_wconf 84' lang='lat' dir='ltr'><strong>per</strong></span> <span class='ocrx_word' id='word_1_51' title='bbox 1021 744 1275 800; x_wconf 83' lang='lat' dir='ltr'><strong>Sanctos</strong></span> <span class='ocrx_word' id='word_1_52' title='bbox 1318 756 1493 810; x_wconf 83' lang='lat' dir='ltr'><strong>suos,</strong></span> <span class='ocrx_word' id='word_1_53' title='bbox 1536 753 1699 794; x_wconf 85' lang='lat' dir='ltr'><strong>nova</strong></span> <span class='ocrx_word' id='word_1_54' title='bbox 1732 730 1810 792; x_wconf 85' lang='lat' dir='ltr'><strong>ad</strong></span> <span class='ocrx_word' id='word_1_55' title='bbox 1860 732 2239 794; x_wconf 84' lang='lat' dir='ltr'><strong>currendam</strong></span> 
     </span>
     <span class='ocr_line' id='line_1_9' title="bbox 599 811 2236 886; baseline -0.008 -6"><span class='ocrx_word' id='word_1_56' title='bbox 599 816 812 880; x_wconf 85' lang='lat' dir='ltr'><strong>salutis</strong></span> <span class='ocrx_word' id='word_1_57' title='bbox 839 817 1004 878; x_wconf 83' lang='lat' dir='ltr'><strong>viam</strong></span> <span class='ocrx_word' id='word_1_58' title='bbox 1041 818 1439 874; x_wconf 85' lang='lat' dir='ltr'><strong>incitamenta</strong></span> <span class='ocrx_word' id='word_1_59' title='bbox 1461 857 1478 886; x_wconf 86' lang='lat'>,</span> <span class='ocrx_word' id='word_1_60' title='bbox 1511 829 1739 870; x_wconf 83' lang='lat' dir='ltr'><strong>novam</strong></span> <span class='ocrx_word' id='word_1_61' title='bbox 1770 827 2010 886; x_wconf 85' lang='lat' dir='ltr'><strong>semper</strong></span> <span class='ocrx_word' id='word_1_62' title='bbox 2038 811 2236 870; x_wconf 87' lang='lat' dir='ltr'><strong>attin-</strong></span> 
     </span>
     <span class='ocr_line' id='line_1_10' title="bbox 600 885 2241 971; baseline -0.006 -17"><span class='ocrx_word' id='word_1_63' title='bbox 600 894 812 971; x_wconf 84' lang='lat' dir='ltr'><strong>gendae</strong></span> <span class='ocrx_word' id='word_1_64' title='bbox 849 902 1022 952; x_wconf 83' lang='lat' dir='ltr'><strong>metae</strong></span> <span class='ocrx_word' id='word_1_65' title='bbox 1058 889 1345 950; x_wconf 87' lang='lat' dir='ltr'><strong>fiduciam</strong></span> <span class='ocrx_word' id='word_1_66' title='bbox 1378 886 1687 965; x_wconf 79' lang='lat' dir='ltr'><strong>praebeat3</strong></span> <span class='ocrx_word' id='word_1_67' title='bbox 1728 885 1860 960; x_wconf 88' lang='lat' dir='ltr'><strong>ipso</strong></span> <span class='ocrx_word' id='word_1_68' title='bbox 1896 886 2241 964; x_wconf 75' lang='lat' dir='ltr'><strong>adjuvante</strong></span> 
     </span>
    </p>
   </div>
   <div class='ocr_carea' id='block_1_3' title="bbox 601 963 2345 1042">
    <p class='ocr_par' dir='ltr' id='par_1_3' title="bbox 601 963 2345 1042">
     <span class='ocr_line' id='line_1_11' title="bbox 601 963 2345 1042; baseline -0.005 -12"><span class='ocrx_word' id='word_1_69' title='bbox 601 981 664 1032; x_wconf 88' lang='lat' dir='ltr'><strong>et</strong></span> <span class='ocrx_word' id='word_1_70' title='bbox 711 969 981 1028; x_wconf 84' lang='lat' dir='ltr'><strong>donante</strong></span> <span class='ocrx_word' id='word_1_71' title='bbox 1008 1012 1024 1039; x_wconf 93' lang='lat'>‚</span> <span class='ocrx_word' id='word_1_72' title='bbox 1070 969 1175 1042; x_wconf 87' lang='lat' dir='ltr'><strong>qui</strong></span> <span class='ocrx_word' id='word_1_73' title='bbox 1224 976 1315 1025; x_wconf 88' lang='lat' dir='ltr'><strong>est</strong></span> <span class='ocrx_word' id='word_1_74' title='bbox 1357 964 1629 1041; x_wconf 76' lang='lat' dir='ltr'><strong>iustitia,</strong></span> <span class='ocrx_word' id='word_1_75' title='bbox 1668 971 1731 1019; x_wconf 91' lang='lat' dir='ltr'><strong>et</strong></span> <span class='ocrx_word' id='word_1_76' title='bbox 1781 963 2191 1024; x_wconf 85' lang='lat' dir='ltr'><strong>sanctificatio</strong></span> <span class='ocrx_word' id='word_1_77' title='bbox 2218 1007 2238 1034; x_wconf 88' lang='lat'>‚</span> <span class='ocrx_word' id='word_1_78' title='bbox 2328 1017 2345 1033; x_wconf 77' lang='grc'>,</span> 
     </span>
    </p>
   </div>
   <div class='ocr_carea' id='block_1_4' title="bbox 601 1040 2240 1194">
    <p class='ocr_par' dir='ltr' id='par_1_4' title="bbox 601 1040 2240 1194">
     <span class='ocr_line' id='line_1_12' title="bbox 603 1040 2240 1119; baseline -0.005 -13"><span class='ocrx_word' id='word_1_79' title='bbox 603 1057 664 1106; x_wconf 87' lang='lat' dir='ltr'><strong>et</strong></span> <span class='ocrx_word' id='word_1_80' title='bbox 686 1045 1026 1119; x_wconf 84' lang='lat' dir='ltr'><strong>redemptio</strong></span> <span class='ocrx_word' id='word_1_81' title='bbox 1055 1048 1315 1117; x_wconf 80' lang='lat' dir='ltr'><strong>Nostra3</strong></span> <span class='ocrx_word' id='word_1_82' title='bbox 1341 1042 1449 1116; x_wconf 89' lang='lat' dir='ltr'><strong>qui</strong></span> <span class='ocrx_word' id='word_1_83' title='bbox 1473 1059 1614 1099; x_wconf 89' lang='lat' dir='ltr'><strong>cum</strong></span> <span class='ocrx_word' id='word_1_84' title='bbox 1652 1040 1833 1097; x_wconf 83' lang='lat' dir='ltr'><strong>Parte</strong></span> <span class='ocrx_word' id='word_1_85' title='bbox 1855 1081 1873 1109; x_wconf 88' lang='lat'>,</span> <span class='ocrx_word' id='word_1_86' title='bbox 1910 1049 1972 1098; x_wconf 90' lang='lat' dir='ltr'><strong>et</strong></span> <span class='ocrx_word' id='word_1_87' title='bbox 1998 1040 2240 1115; x_wconf 82' lang='lat' dir='ltr'><strong>Spiritu</strong></span> 
     </span>
     <span class='ocr_line' id='line_1_13' title="bbox 601 1111 2155 1194; baseline -0.005 -12"><span class='ocrx_word' id='word_1_88' title='bbox 601 1125 826 1182; x_wconf 87' lang='lat' dir='ltr'><strong>Sancto</strong></span> <span class='ocrx_word' id='word_1_89' title='bbox 863 1120 1016 1182; x_wconf 87' lang='lat' dir='ltr'><strong>vivit</strong></span> <span class='ocrx_word' id='word_1_90' title='bbox 1059 1129 1127 1178; x_wconf 82' lang='lat' dir='ltr'><strong>et·</strong></span> <span class='ocrx_word' id='word_1_91' title='bbox 1156 1126 1377 1194; x_wconf 85' lang='lat' dir='ltr'><strong>regnat</strong></span> <span class='ocrx_word' id='word_1_92' title='bbox 1403 1119 1470 1176; x_wconf 90' lang='lat' dir='ltr'><strong>in</strong></span> <span class='ocrx_word' id='word_1_93' title='bbox 1515 1111 1735 1176; x_wconf 84' lang='lat' dir='ltr'><strong>saecula</strong></span> <span class='ocrx_word' id='word_1_94' title='bbox 1768 1111 2155 1176; x_wconf 66' lang='lat' dir='ltr'><strong>saeculorum.</strong></span> 
     </span>
    </p>
   </div>
   <div class='ocr_carea' id='block_1_5' title="bbox 299 1256 2245 2247">
    <p class='ocr_par' dir='ltr' id='par_1_5' title="bbox 299 1256 2245 2186">
     <span class='ocr_line' id='line_1_14' title="bbox 367 1256 2245 1348; baseline -0.004 -14"><span class='ocrx_word' id='word_1_95' title='bbox 367 1259 412 1308; x_wconf 84' lang='lat' dir='ltr'>F</span> <span class='ocrx_word' id='word_1_96' title='bbox 417 1256 523 1308; x_wconf 61' lang='lat'><strong>³³⁶⁸</strong></span> <span class='ocrx_word' id='word_1_97' title='bbox 677 1277 764 1334; x_wconf 86' lang='lat' dir='ltr'><strong>Ut</strong></span> <span class='ocrx_word' id='word_1_98' title='bbox 806 1282 1011 1333; x_wconf 89' lang='lat' dir='ltr'><strong>autem</strong></span> <span class='ocrx_word' id='word_1_99' title='bbox 1047 1270 1357 1348; x_wconf 78' lang='lat' dir='ltr'><strong>praemissa</strong></span> <span class='ocrx_word' id='word_1_100' title='bbox 1394 1270 1602 1328; x_wconf 87' lang='lat' dir='ltr'><strong>omnia</strong></span> <span class='ocrx_word' id='word_1_101' title='bbox 1645 1269 1724 1328; x_wconf 88' lang='lat' dir='ltr'><strong>ad</strong></span> <span class='ocrx_word' id='word_1_102' title='bbox 1770 1268 2069 1329; x_wconf 66' lang='lat' dir='ltr'><strong>universa</strong></span> <span class='ocrx_word' id='word_1_103' title='bbox 2122 1287 2245 1344; x_wconf 81' lang='lat' dir='ltr'><strong>per</strong></span> 
     </span>
     <span class='ocr_line' id='line_1_15' title="bbox 299 1323 2236 1442; baseline -0.003 -32"><span class='ocrx_word' id='word_1_104' title='bbox 299 1323 538 1442; x_wconf 53' lang='grc' dir='ltr'><strong>,Ιίθὴωὼ</strong></span> <span class='ocrx_word' id='word_1_105' title='bbox 607 1347 842 1410; x_wconf 85' lang='lat' dir='ltr'><strong>Orbem</strong></span> <span class='ocrx_word' id='word_1_106' title='bbox 876 1345 1152 1407; x_wconf 84' lang='lat' dir='ltr'><strong>Ecclesiae</strong></span> <span class='ocrx_word' id='word_1_107' title='bbox 1187 1345 1470 1405; x_wconf 83' lang='lat' dir='ltr'><strong>notitiam</strong></span> <span class='ocrx_word' id='word_1_108' title='bbox 1503 1344 1961 1421; x_wconf 82' lang='lat' dir='ltr'><strong>perducantur,</strong></span> <span class='ocrx_word' id='word_1_109' title='bbox 1988 1365 2236 1404; x_wconf 85' lang='lat' dir='ltr'><strong>eorum·</strong></span> 
     </span>
     <span class='ocr_line' id='line_1_16' title="bbox 339 1405 2239 1508; baseline -0.003 -23"><span class='ocrx_word' id='word_1_110' title='bbox 339 1405 580 1508; x_wconf 52' lang='lat' dir='ltr'><strong>tssfuum‘</strong></span> <span class='ocrx_word' id='word_1_111' title='bbox 605 1429 727 1502; x_wconf 74' lang='lat' dir='ltr'><strong>&#39;que</strong></span> <span class='ocrx_word' id='word_1_112' title='bbox 772 1425 1126 1484; x_wconf 82' lang='lat' dir='ltr'><strong>memoriam</strong></span> <span class='ocrx_word' id='word_1_113' title='bbox 1169 1421 1484 1500; x_wconf 86' lang='lat' dir='ltr'><strong>perpetuis</strong></span> <span class='ocrx_word' id='word_1_114' title='bbox 1535 1421 1759 1481; x_wconf 87' lang='lat' dir='ltr'><strong>futuris</strong></span> <span class='ocrx_word' id='word_1_115' title='bbox 1808 1420 2239 1497; x_wconf 87' lang='lat' dir='ltr'><strong>temporibus-‚</strong></span> 
     </span>
     <span class='ocr_line' id='line_1_17' title="bbox 300 1475 2237 1576; baseline -0.003 -14"><span class='ocrx_word' id='word_1_116' title='bbox 300 1475 338 1524; x_wconf 68' lang='lat' dir='ltr'><strong>P</strong></span> <span class='ocrx_word' id='word_1_117' title='bbox 607 1501 688 1562; x_wconf 91' lang='lat' dir='ltr'><strong>ad</strong></span> <span class='ocrx_word' id='word_1_118' title='bbox 727 1503 834 1561; x_wconf 92' lang='lat' dir='ltr'><strong>Dei</strong></span> <span class='ocrx_word' id='word_1_119' title='bbox 867 1498 1166 1576; x_wconf 83' lang='lat' dir='ltr'><strong>gloriam,</strong></span> <span class='ocrx_word' id='word_1_120' title='bbox 1199 1509 1266 1558; x_wconf 88' lang='lat' dir='ltr'><strong>et</strong></span> <span class='ocrx_word' id='word_1_121' title='bbox 1302 1495 1601 1557; x_wconf 87' lang='lat' dir='ltr'><strong>Fidelium</strong></span> <span class='ocrx_word' id='word_1_122' title='bbox 1644 1497 2093 1570; x_wconf 84' lang='lat' dir='ltr'><strong>eruditionem,</strong></span> <span class='ocrx_word' id='word_1_123' title='bbox 2142 1498 2237 1556; x_wconf 88' lang='lat' dir='ltr'><strong>in·</strong></span> 
     </span>
     <span class='ocr_line' id='line_1_18' title="bbox 604 1573 2237 1652; baseline -0.002 -15"><span class='ocrx_word' id='word_1_124' title='bbox 604 1576 890 1637; x_wconf 86' lang='lat' dir='ltr'><strong>deficiens</strong></span> <span class='ocrx_word' id='word_1_125' title='bbox 906 1585 1293 1652; x_wconf 81' lang='lat' dir='ltr'><strong>perseveret3</strong></span> <span class='ocrx_word' id='word_1_126' title='bbox 1320 1578 1442 1634; x_wconf 87' lang='lat' dir='ltr'><strong>Nos</strong></span> <span class='ocrx_word' id='word_1_127' title='bbox 1470 1593 1542 1632; x_wconf 87' lang='lat' dir='ltr'><strong>ea</strong></span> <span class='ocrx_word' id='word_1_128' title='bbox 1565 1573 1965 1650; x_wconf 79' lang='lat' dir='ltr'><strong>praesentibus</strong></span> <span class='ocrx_word' id='word_1_129' title='bbox 1981 1576 2237 1650; x_wconf 84' lang='lat' dir='ltr'><strong>Aposto-</strong></span> 
     </span>
     <span class='ocr_line' id='line_1_19' title="bbox 603 1649 2240 1727; baseline -0.001 -15"><span class='ocrx_word' id='word_1_130' title='bbox 603 1650 734 1712; x_wconf 90' lang='lat' dir='ltr'><strong>licis</strong></span> <span class='ocrx_word' id='word_1_131' title='bbox 785 1651 1000 1714; x_wconf 86' lang='lat' dir='ltr'><strong>Literis</strong></span> <span class='ocrx_word' id='word_1_132' title='bbox 1047 1649 1370 1727; x_wconf 80' lang='lat' dir='ltr'><strong>complecti</strong></span> <span class='ocrx_word' id='word_1_133' title='bbox 1427 1659 1491 1709; x_wconf 90' lang='lat' dir='ltr'><strong>et</strong></span> <span class='ocrx_word' id='word_1_134' title='bbox 1539 1649 1833 1711; x_wconf 83' lang='lat' dir='ltr'><strong>roborare</strong></span> <span class='ocrx_word' id='word_1_135' title='bbox 1885 1649 2194 1711; x_wconf 77' lang='lat' dir='ltr'><strong>voluimus</strong></span> <span class='ocrx_word' id='word_1_136' title='bbox 2220 1689 2240 1721; x_wconf 93' lang='lat'>‚</span> 
     </span>
     <span class='ocr_line' id='line_1_20' title="bbox 602 1727 2235 1803; baseline -0.002 -15"><span class='ocrx_word' id='word_1_137' title='bbox 602 1727 1001 1800; x_wconf 84' lang='lat' dir='ltr'><strong>mandantes,</strong></span> <span class='ocrx_word' id='word_1_138' title='bbox 1037 1737 1111 1792; x_wconf 89' lang='lat' dir='ltr'><strong>ut</strong></span> <span class='ocrx_word' id='word_1_139' title='bbox 1150 1727 1377 1786; x_wconf 82' lang='lat' dir='ltr'><strong>harum</strong></span> <span class='ocrx_word' id='word_1_140' title='bbox 1414 1728 1847 1803; x_wconf 81' lang='lat' dir='ltr'><strong>transumptis,</strong></span> <span class='ocrx_word' id='word_1_141' title='bbox 1886 1727 2013 1792; x_wconf 76' lang='lat' dir='ltr'><strong>sive</strong></span> <span class='ocrx_word' id='word_1_142' title='bbox 2038 1746 2235 1791; x_wconf 74' lang='lat' dir='ltr'><strong>exem·</strong></span> 
     </span>
     <span class='ocr_line' id='line_1_21' title="bbox 601 1802 2239 1881; baseline -0.001 -18"><span class='ocrx_word' id='word_1_143' title='bbox 601 1802 722 1880; x_wconf 87' lang='lat' dir='ltr'><strong>plis</strong></span> <span class='ocrx_word' id='word_1_144' title='bbox 754 1849 770 1874; x_wconf 95' lang='lat'>‚</span> <span class='ocrx_word' id='word_1_145' title='bbox 820 1805 1006 1863; x_wconf 87' lang='lat' dir='ltr'><strong>etiam</strong></span> <span class='ocrx_word' id='word_1_146' title='bbox 1053 1803 1397 1879; x_wconf 86' lang='lat' dir='ltr'><strong>impressis,</strong></span> <span class='ocrx_word' id='word_1_147' title='bbox 1450 1822 1641 1866; x_wconf 87' lang='lat' dir='ltr'><strong>manu</strong></span> <span class='ocrx_word' id='word_1_148' title='bbox 1690 1802 1945 1881; x_wconf 79' lang='lat' dir='ltr'><strong>alicujus</strong></span> <span class='ocrx_word' id='word_1_149' title='bbox 1998 1803 2239 1866; x_wconf 86' lang='lat' dir='ltr'><strong>Notarii</strong></span> 
     </span>
     <span class='ocr_line' id='line_1_22' title="bbox 339 1877 2236 1988; baseline -0.001 -48"><span class='ocrx_word' id='word_1_150' title='bbox 339 1915 447 1988; x_wconf 57' lang='grc' dir='ltr'><strong><em>ο</em></strong></span> <span class='ocrx_word' id='word_1_151' title='bbox 601 1879 839 1956; x_wconf 88' lang='lat' dir='ltr'><strong>publici</strong></span> <span class='ocrx_word' id='word_1_152' title='bbox 877 1878 1232 1955; x_wconf 84' lang='lat' dir='ltr'><strong>subscriptis</strong></span> <span class='ocrx_word' id='word_1_153' title='bbox 1258 1922 1275 1948; x_wconf 88' lang='lat'><em>‚</em></span> <span class='ocrx_word' id='word_1_154' title='bbox 1326 1888 1389 1938; x_wconf 88' lang='lat' dir='ltr'><strong>et</strong></span> <span class='ocrx_word' id='word_1_155' title='bbox 1428 1877 1627 1954; x_wconf 80' lang='lat' dir='ltr'><strong>sigillo</strong></span> <span class='ocrx_word' id='word_1_156' title='bbox 1668 1899 1945 1958; x_wconf 77' lang='lat' dir='ltr'><strong>personae</strong></span> <span class='ocrx_word' id='word_1_157' title='bbox 1999 1881 2067 1944; x_wconf 79' lang='lat' dir='ltr'><strong>in</strong></span> <span class='ocrx_word' id='word_1_158' title='bbox 2126 1883 2236 1938; x_wconf 81' lang='lat' dir='ltr'><strong>Ee-</strong></span> 
     </span>
     <span class='ocr_line' id='line_1_23' title="bbox 603 1953 2239 2029; baseline -0.001 -12"><span class='ocrx_word' id='word_1_159' title='bbox 603 1954 940 2017; x_wconf 87' lang='lat' dir='ltr'><strong>clesiastica</strong></span> <span class='ocrx_word' id='word_1_160' title='bbox 981 1955 1042 2015; x_wconf 89' lang='lat' dir='ltr'><strong>di</strong></span> <span class='ocrx_word' id='word_1_161' title='bbox 1088 1955 1662 2017; x_wconf 76' lang='lat' dir='ltr'><strong>nitate-constitutae</strong></span> <span class='ocrx_word' id='word_1_162' title='bbox 1696 1957 1950 2017; x_wconf 90' lang='lat' dir='ltr'><strong>munitis</strong></span> <span class='ocrx_word' id='word_1_163' title='bbox 1977 2000 1995 2029; x_wconf 92' lang='lat'>,</span> <span class='ocrx_word' id='word_1_164' title='bbox 2024 1953 2239 2016; x_wconf 88' lang='lat' dir='ltr'><strong>eadem</strong></span> 
     </span>
     <span class='ocr_line' id='line_1_24' title="bbox 603 2030 2234 2110; baseline -0.001 -18"><span class='ocrx_word' id='word_1_165' title='bbox 603 2030 684 2092; x_wconf 90' lang='lat' dir='ltr'><strong>ab</strong></span> <span class='ocrx_word' id='word_1_166' title='bbox 717 2032 1006 2093; x_wconf 89' lang='lat' dir='ltr'><strong>omnibus</strong></span> <span class='ocrx_word' id='word_1_167' title='bbox 1077 2032 1183 2093; x_wconf 85' lang='lat' dir='ltr'><strong>des</strong></span> <span class='ocrx_word' id='word_1_168' title='bbox 1205 2030 1541 2101; x_wconf 86' lang='lat' dir='ltr'><strong>habeatur,</strong></span> <span class='ocrx_word' id='word_1_169' title='bbox 1581 2052 1715 2109; x_wconf 78' lang='lat' dir='ltr'><strong>quoe</strong></span> <span class='ocrx_word' id='word_1_170' title='bbox 1751 2034 1893 2109; x_wconf 88' lang='lat' dir='ltr'><strong>ipsis</strong></span> <span class='ocrx_word' id='word_1_171' title='bbox 1920 2034 2234 2110; x_wconf 62' lang='lat' dir='ltr'><strong>praesenti·</strong></span> 
     </span>
     <span class='ocr_line' id='line_1_25' title="bbox 600 2105 2234 2186; baseline 0.003 -20"><span class='ocrx_word' id='word_1_172' title='bbox 600 2105 718 2168; x_wconf 87' lang='lat' dir='ltr'><strong>bus</strong></span> <span class='ocrx_word' id='word_1_173' title='bbox 775 2107 1177 2170; x_wconf 86' lang='lat' dir='ltr'><strong>adhiberetur</strong></span> <span class='ocrx_word' id='word_1_174' title='bbox 1206 2154 1225 2183; x_wconf 86' lang='lat'>‚</span> <span class='ocrx_word' id='word_1_175' title='bbox 1270 2110 1325 2173; x_wconf 88' lang='lat' dir='ltr'><strong>si</strong></span> <span class='ocrx_word' id='word_1_176' title='bbox 1368 2108 1576 2173; x_wconf 82' lang='lat' dir='ltr'><strong>forent</strong></span> <span class='ocrx_word' id='word_1_177' title='bbox 1614 2108 1895 2177; x_wconf 62' lang='lat' dir='ltr'><strong>exhibitae</strong></span> <span class='ocrx_word' id='word_1_178' title='bbox 1928 2154 1946 2186; x_wconf 88' lang='lat'><strong>,</strong></span> <span class='ocrx_word' id='word_1_179' title='bbox 1998 2107 2101 2175; x_wconf 81' lang='lat' dir='ltr'><strong>vel</strong></span> <span class='ocrx_word' id='word_1_180' title='bbox 2146 2129 2234 2171; x_wconf 77' lang='lat' dir='ltr'><strong>os·</strong></span> 
     </span>
    </p>

    <p class='ocr_par' dir='ltr' id='par_1_6' title="bbox 600 2194 1921 2247">
     <span class='ocr_line' id='line_1_26' title="bbox 600 2194 1921 2247; baseline -0.001 -2"><span class='ocrx_word' id='word_1_181' title='bbox 600 2194 812 2247; x_wconf 84' lang='lat' dir='ltr'><strong>tensae.</strong></span> <span class='ocrx_word' id='word_1_182' title='bbox 925 2200 938 2221; x_wconf 64' lang='grc'><strong>“</strong></span> <span class='ocrx_word' id='word_1_183' title='bbox 1584 2210 1595 2218; x_wconf 56' lang='grc'><strong><em>”</em></strong></span> <span class='ocrx_word' id='word_1_184' title='bbox 1908 2212 1921 2223; x_wconf 84' lang='grc'><strong>·-</strong></span> 
     </span>
    </p>
   </div>
   <div class='ocr_carea' id='block_1_6' title="bbox 348 2332 2238 2904">
    <p class='ocr_par' dir='ltr' id='par_1_7' title="bbox 348 2332 2238 2904">
     <span class='ocr_line' id='line_1_27' title="bbox 348 2332 2238 2415; baseline -0.001 -17"><span class='ocrx_word' id='word_1_185' title='bbox 348 2352 578 2410; x_wconf 56' lang='lat' dir='ltr'><strong>saeuo,</strong></span> <span class='ocrx_word' id='word_1_186' title='bbox 678 2336 846 2399; x_wconf 87' lang='lat' dir='ltr'><strong>Nulli</strong></span> <span class='ocrx_word' id='word_1_187' title='bbox 877 2356 1021 2415; x_wconf 82' lang='lat' dir='ltr'><strong>ergo</strong></span> <span class='ocrx_word' id='word_1_188' title='bbox 1069 2333 1328 2397; x_wconf 87' lang='lat' dir='ltr'><strong>omnino</strong></span> <span class='ocrx_word' id='word_1_189' title='bbox 1374 2332 1699 2397; x_wconf 84' lang='lat' dir='ltr'><strong>hominum</strong></span> <span class='ocrx_word' id='word_1_190' title='bbox 1739 2336 1918 2398; x_wconf 87' lang='lat' dir='ltr'><strong>liceat</strong></span> <span class='ocrx_word' id='word_1_191' title='bbox 1950 2334 2238 2413; x_wconf 73' lang='lat' dir='ltr'><strong>paginam</strong></span> 
     </span>
     <span class='ocr_line' id='line_1_28' title="bbox 603 2410 2235 2486; baseline 0.002 -12"><span class='ocrx_word' id='word_1_192' title='bbox 603 2412 768 2475; x_wconf 88' lang='lat' dir='ltr'><strong>hanc</strong></span> <span class='ocrx_word' id='word_1_193' title='bbox 797 2424 1020 2473; x_wconf 66' lang='lat' dir='ltr'><strong>nostrae</strong></span> <span class='ocrx_word' id='word_1_194' title='bbox 1047 2412 1452 2484; x_wconf 83' lang='lat' dir='ltr'><strong>definitionis,</strong></span> <span class='ocrx_word' id='word_1_195' title='bbox 1478 2410 1748 2486; x_wconf 87' lang='lat' dir='ltr'><strong>decreti,</strong></span> <span class='ocrx_word' id='word_1_196' title='bbox 1777 2411 1972 2474; x_wconf 86' lang='lat' dir='ltr'><strong>adseri</strong></span> <span class='ocrx_word' id='word_1_197' title='bbox 2018 2414 2235 2481; x_wconf 79' lang='lat' dir='ltr'><strong>tionis,</strong></span> 
     </span>
     <span class='ocr_line' id='line_1_29' title="bbox 603 2485 2237 2564; baseline 0 -15"><span class='ocrx_word' id='word_1_198' title='bbox 603 2488 915 2563; x_wconf 87' lang='lat' dir='ltr'><strong>mandati,</strong></span> <span class='ocrx_word' id='word_1_199' title='bbox 968 2489 1226 2561; x_wconf 88' lang='lat' dir='ltr'><strong>statuti,</strong></span> <span class='ocrx_word' id='word_1_200' title='bbox 1292 2485 1681 2549; x_wconf 83' lang='lat' dir='ltr'><strong>relaxationis</strong></span> <span class='ocrx_word' id='word_1_201' title='bbox 1706 2534 1724 2564; x_wconf 89' lang='lat'>‚</span> <span class='ocrx_word' id='word_1_202' title='bbox 1784 2499 1849 2551; x_wconf 83' lang='lat' dir='ltr'><strong>et</strong></span> <span class='ocrx_word' id='word_1_203' title='bbox 1901 2508 1982 2551; x_wconf 78' lang='lat' dir='ltr'><strong>vo</strong></span> <span class='ocrx_word' id='word_1_204' title='bbox 2009 2489 2237 2549; x_wconf 80' lang='lat' dir='ltr'><strong>untatis</strong></span> 
     </span>
     <span class='ocr_line' id='line_1_30' title="bbox 605 2563 2237 2639; baseline 0.001 -16"><span class='ocrx_word' id='word_1_205' title='bbox 605 2564 943 2639; x_wconf 86' lang='lat' dir='ltr'><strong>infringere</strong></span> <span class='ocrx_word' id='word_1_206' title='bbox 967 2608 984 2637; x_wconf 90' lang='lat'>,</span> <span class='ocrx_word' id='word_1_207' title='bbox 1021 2563 1122 2627; x_wconf 90' lang='lat' dir='ltr'><strong>vel</strong></span> <span class='ocrx_word' id='word_1_208' title='bbox 1153 2565 1213 2621; x_wconf 90' lang='lat' dir='ltr'><strong>ei</strong></span> <span class='ocrx_word' id='word_1_209' title='bbox 1250 2583 1404 2623; x_wconf 86' lang='lat' dir='ltr'><strong>ausu</strong></span> <span class='ocrx_word' id='word_1_210' title='bbox 1444 2568 1777 2628; x_wconf 86' lang='lat' dir='ltr'><strong>temerario</strong></span> <span class='ocrx_word' id='word_1_211' title='bbox 1816 2566 2151 2625; x_wconf 85' lang='lat' dir='ltr'><strong>contraire.</strong></span> <span class='ocrx_word' id='word_1_212' title='bbox 2178 2565 2237 2625; x_wconf 84' lang='lat' dir='ltr'><strong>si</strong></span> 
     </span>
     <span class='ocr_line' id='line_1_31' title="bbox 604 2638 2233 2719; baseline -0.001 -20"><span class='ocrx_word' id='word_1_213' title='bbox 604 2642 744 2717; x_wconf 80' lang='lat' dir='ltr'><strong>quis</strong></span> <span class='ocrx_word' id='word_1_214' title='bbox 783 2650 982 2699; x_wconf 90' lang='lat' dir='ltr'><strong>autem</strong></span> <span class='ocrx_word' id='word_1_215' title='bbox 1023 2638 1144 2699; x_wconf 87' lang='lat' dir='ltr'><strong>hoc</strong></span> <span class='ocrx_word' id='word_1_216' title='bbox 1187 2648 1496 2700; x_wconf 82' lang='lat' dir='ltr'><strong>attentare</strong></span> <span class='ocrx_word' id='word_1_217' title='bbox 1539 2641 1995 2719; x_wconf 75' lang='lat' dir='ltr'><strong>praesumpserit</strong></span> <span class='ocrx_word' id='word_1_218' title='bbox 2017 2686 2037 2713; x_wconf 89' lang='lat'>,</span> <span class='ocrx_word' id='word_1_219' title='bbox 2078 2640 2233 2702; x_wconf 84' lang='lat' dir='ltr'><strong>indi-</strong></span> 
     </span>
     <span class='ocr_line' id='line_1_32' title="bbox 603 2712 2237 2791; baseline 0 -17"><span class='ocrx_word' id='word_1_220' title='bbox 603 2716 955 2791; x_wconf 84' lang='lat' dir='ltr'><strong>gnationem</strong></span> <span class='ocrx_word' id='word_1_221' title='bbox 979 2712 1440 2790; x_wconf 83' lang='lat' dir='ltr'><strong>omnipotentis</strong></span> <span class='ocrx_word' id='word_1_222' title='bbox 1458 2720 1608 2791; x_wconf 90' lang='lat' dir='ltr'><strong>Dei,</strong></span> <span class='ocrx_word' id='word_1_223' title='bbox 1634 2739 1704 2779; x_wconf 88' lang='lat' dir='ltr'><strong>ac</strong></span> <span class='ocrx_word' id='word_1_224' title='bbox 1724 2723 2055 2778; x_wconf 87' lang='lat' dir='ltr'><strong>Beatorum</strong></span> <span class='ocrx_word' id='word_1_225' title='bbox 2076 2716 2237 2778; x_wconf 87' lang='lat' dir='ltr'><strong>Petri</strong></span> 
     </span>
     <span class='ocr_line' id='line_1_33' title="bbox 603 2789 2235 2904; baseline 0.001 -54"><span class='ocrx_word' id='word_1_226' title='bbox 603 2800 672 2873; x_wconf 73' lang='lat' dir='ltr'><strong>et</strong></span> <span class='ocrx_word' id='word_1_227' title='bbox 681 2789 851 2851; x_wconf 87' lang='lat' dir='ltr'><strong>Pauli</strong></span> <span class='ocrx_word' id='word_1_228' title='bbox 875 2789 1306 2869; x_wconf 78' lang='lat' dir='ltr'><strong>Apostolorum</strong></span> <span class='ocrx_word' id='word_1_229' title='bbox 1327 2796 1456 2869; x_wconf 83' lang='lat' dir='ltr'><strong>ejus</strong></span> <span class='ocrx_word' id='word_1_230' title='bbox 1472 2812 1536 2853; x_wconf 89' lang='lat' dir='ltr'><strong>se</strong></span> <span class='ocrx_word' id='word_1_231' title='bbox 1552 2796 1798 2904; x_wconf 52' lang='lat' dir='ltr'><strong>noverit</strong></span> <span class='ocrx_word' id='word_1_232' title='bbox 1819 2795 2235 2855; x_wconf 83' lang='lat' dir='ltr'><strong>incursurum.</strong></span> 
     </span>
    </p>
   </div>
   <div class='ocr_carea' id='block_1_7' title="bbox 299 2942 2237 3096">
    <p class='ocr_par' dir='ltr' id='par_1_8' title="bbox 299 2942 2237 3096">
     <span class='ocr_line' id='line_1_34' title="bbox 299 2942 2236 3029; baseline -0.003 -22"><span class='ocrx_word' id='word_1_233' title='bbox 299 2976 427 3029; x_wconf 50' lang='lat' dir='ltr'><strong>Dat,</strong></span> <span class='ocrx_word' id='word_1_234' title='bbox 447 2973 577 3026; x_wconf 64' lang='lat' dir='ltr'>Pon,</span> <span class='ocrx_word' id='word_1_235' title='bbox 679 2946 907 3003; x_wconf 89' lang='lat' dir='ltr'><strong>Datum</strong></span> <span class='ocrx_word' id='word_1_236' title='bbox 929 2945 1136 3004; x_wconf 86' lang='lat' dir='ltr'><strong>Romae</strong></span> <span class='ocrx_word' id='word_1_237' title='bbox 1152 2942 1318 3021; x_wconf 85' lang='lat' dir='ltr'><strong>apud</strong></span> <span class='ocrx_word' id='word_1_238' title='bbox 1342 2946 1631 3005; x_wconf 87' lang='lat' dir='ltr'><strong>Sanctum</strong></span> <span class='ocrx_word' id='word_1_239' title='bbox 1648 2950 1896 3007; x_wconf 88' lang='lat' dir='ltr'><strong>Petrum</strong></span> <span class='ocrx_word' id='word_1_240' title='bbox 1922 2946 2104 3005; x_wconf 82' lang='lat' dir='ltr'><strong>Anno</strong></span> <span class='ocrx_word' id='word_1_241' title='bbox 2128 2947 2236 3003; x_wconf 87' lang='lat' dir='ltr'><strong>In-</strong></span> 
     </span>
     <span class='ocr_line' id='line_1_35' title="bbox 299 3019 2237 3096; baseline -0.001 -13"><span class='ocrx_word' id='word_1_242' title='bbox 299 3041 534 3095; x_wconf 60' lang='lat' dir='ltr'><strong>tfficatu,</strong></span> <span class='ocrx_word' id='word_1_243' title='bbox 605 3020 977 3081; x_wconf 86' lang='lat' dir='ltr'><strong>carnationis</strong></span> <span class='ocrx_word' id='word_1_244' title='bbox 997 3022 1326 3080; x_wconf 78' lang='lat' dir='ltr'><strong>Dominicae</strong></span> <span class='ocrx_word' id='word_1_245' title='bbox 1346 3024 1804 3096; x_wconf 67' lang='lat' dir='ltr'>MDCCXLVI„</span> <span class='ocrx_word' id='word_1_246' title='bbox 1822 3042 1918 3083; x_wconf 86' lang='grc' dir='ltr'><strong>ιιι.</strong></span> <span class='ocrx_word' id='word_1_247' title='bbox 1934 3019 2237 3089; x_wconf 66' lang='lat' dir='ltr'><strong>Kalendas</strong></span> 
     </span>
    </p>
   </div>
   <div class='ocr_carea' id='block_1_8' title="bbox 300 3094 1812 3310">
    <p class='ocr_par' dir='ltr' id='par_1_9' title="bbox 300 3094 1812 3310">
     <span class='ocr_line' id='line_1_36' title="bbox 300 3094 1812 3172; baseline -0.001 -12"><span class='ocrx_word' id='word_1_248' title='bbox 300 3109 464 3161; x_wconf 83' lang='lat' dir='ltr'><strong>Anno</strong></span> <span class='ocrx_word' id='word_1_249' title='bbox 491 3107 586 3159; x_wconf 81' lang='lat' dir='ltr'><strong>VI.</strong></span> <span class='ocrx_word' id='word_1_250' title='bbox 605 3094 750 3159; x_wconf 82' lang='lat' dir='ltr'><strong>Julii</strong></span> <span class='ocrx_word' id='word_1_251' title='bbox 780 3142 798 3172; x_wconf 89' lang='lat'><strong>,</strong></span> <span class='ocrx_word' id='word_1_252' title='bbox 835 3096 1231 3161; x_wconf 83' lang='lat' dir='ltr'><strong>Pontificatus</strong></span> <span class='ocrx_word' id='word_1_253' title='bbox 1262 3098 1471 3160; x_wconf 86' lang='lat' dir='ltr'><strong>Nostri</strong></span> <span class='ocrx_word' id='word_1_254' title='bbox 1496 3101 1674 3161; x_wconf 86' lang='lat' dir='ltr'><strong>Anno</strong></span> <span class='ocrx_word' id='word_1_255' title='bbox 1702 3100 1812 3171; x_wconf 65' lang='lat' dir='ltr'><strong>VI,</strong></span> 
     </span>
     <span class='ocr_line' id='line_1_37' title="bbox 301 3174 582 3310; baseline -0.021 -15"><span class='ocrx_word' id='word_1_256' title='bbox 301 3174 582 3310; x_wconf 48' lang='lat'><strong>35³3&amp;-</strong></span> 
     </span>
    </p>
   </div>
  </div>
 </body>
</html>
