2400 3996
707 165 1170 234 Bmimnm.
1264 190 1271 196 ·
1430 155 1435 160 ’
1660 167 1781 258 257

143 273 262 338 lica
301 275 676 336 auctoritate
729 278 1140 355 praescriptas,
1177 275 1649 338 desiderandum
1684 299 1782 340 sn·
1842 289 1887 341 Δ
1906 305 1939 340 ιι
1964 305 1993 340 ιι
2012 303 2055 346 ,ο

145 372 386 432 peresse
410 397 427 425 ‚
471 371 598 430 quo
649 350 728 413 ad
771 350 1106 414 solemnem
1150 355 1338 430 ipsius
1388 359 1455 414 Β.
1489 357 1784 418 CATHA·
1882 355 2026 424 1746·

147 431 359 494 mNAE
396 428 942 491 canonizationem
966 431 1225 493 servatis
1253 429 1569 494 servandis
1590 450 1787 509 quan·

150 505 502 586 ducumque
536 505 788 584 procedi
826 517 1051 585 posset.
1594 514 1607 536 ‘

229 656 332 720 Ad
357 713 364 718 .
385 677 577 736 quam
615 657 866 720 demum
916 659 1064 733 rite,
1113 669 1437 736 recteque,
1482 663 1651 736 juxta
1690 661 1789 720 Sa·
1810 695 2078 752 Consiste-

159 752 410 794 crorum
433 739 764 796 Canonum
795 755 1114 808 normam,
1151 744 1214 794 et
1243 733 1617 796 venerabilia
1638 740 1791 795 Prae·
1820 767 1952 815 rium
2009 761 2098 812 Se·

159 807 548 873 decessorum
589 815 952 872 Nostrorum
991 813 1282 872 Instituta
1320 811 1652 889 procedere
1680 831 1794 876 vo·
1820 839 2041 884 cretum.

162 885 398 960 lentes,
429 887 702 948 universi
745 890 1013 964 primum
1052 887 1305 965 Collegii
1350 894 1639 948 Fratrum
1681 891 1801 948 No·

163 973 439 1024 strorum
475 967 708 1023 Sanctae
751 969 1039 1026 Romanae
1075 963 1349 1024 Ecclesiae
1381 961 1813 1026 cardinalium.

162 1038 490 1100 consilium
517 1041 986 1118 exquisivimusj
1011 1039 1228 1100 habito
1248 1062 1467 1118 nempe
1490 1043 1803 1102 consisto·

165 1116 265 1178 rio
318 1126 554 1176 secreto
602 1115 700 1177 die
743 1137 912 1180 xvm.
955 1114 1146 1193 elapsi
1183 1119 1407 1178 mensis
1447 1116 1705 1195 Aprilis,
1743 1117 1809 1176 in

167 1211 300 1270 quo
337 1197 460 1252 Nos
501 1194 614 1268 ipsi
651 1213 954 1265 summam
998 1194 1343 1267 virtutum,
1387 1204 1451 1254 et
1488 1189 1807 1254 miraculo·

169 1289 316 1330 rum
349 1274 419 1329 Β.
449 1273 930 1331 CATHARINIE
954 1315 968 1341 ,
994 1291 1107 1331 nec
1141 1290 1267 1331 non
1288 1271 1507 1328 seriem
1533 1280 1812 1328 actorum

170 1347 238 1408 in
287 1351 417 1422 eius
465 1365 648 1406 causa
694 1345 950 1423 juridice
989 1355 1300 1423 gestorum
1338 1347 1482 1423 ipsis
1539 1345 1811 1425 exposui·

171 1441 377 1498 must:
423 1421 851 1498 Omnibusque
906 1421 1425 1495 adsentientibus,
1469 1432 1543 1482 ut
1591 1422 1671 1480 ad
1715 1440 1815 1480 su·

215 1518 456 1558 remam
513 1499 868 1574 gravissimo
916 1497 1148 1578 judicio
1198 1519 1451 1558 manum
1499 1500 1816 1574 imponen-

215 1577 340 1635 am'
377 1574 846 1654 regrederemur
863 1619 882 1647 ,
902 1575 1247 1652 complures
1261 1574 1657 1638 venerabiles
1675 1579 1817 1634 Fra,

172 1659 310 1712 tres
329 1594 886 1730 {rehiepiscopoffi
943 1663 1008 1712 et
1050 1655 1377 1729 Episcopos
1416 1673 1487 1712 ex
1534 1653 1823 1714 universa

175 1729 378 1790 ferme
413 1725 592 1788 Italia
630 1729 696 1794 iu
735 1728 965 1790 Urbem
1005 1731 1191 1790 acciri
1226 1728 1687 1804 mandavimus;
1721 1745 1825 1792 eos

177 1823 468 1886 quoque,
512 1809 682 1881 iuxta
739 1825 971 1866 morem
1017 1804 1375 1882 Apostolicae
1410 1806 1611 1879 Sedis,
1651 1816 1822 1866 ante·

179 1901 376 1963 quam
403 1879 782 1948 definitivam
807 1881 1161 1958 hujusmodi
1191 1884 1561 1944 sententiam
1590 1878 1827 1959 profers

181 1977 432 2034 remus,
473 1959 540 2018 in
578 1954 906 2035 consilium
935 1954 1306 2021 adhibituri.

260 2112 343 2175 Hi
385 2130 598 2191 omnes
637 2114 1034 2175 neeessariam
1075 2133 1269 2183 eausae
1304 2112 1495 2173 totius
1536 2108 1830 2197 cognitiq-
1852 2089 2123 2207 Qmff‘ffl'

187 2208 337 2249 nem
379 2187 752 2262 hauserunt,
795 2200 932 2249 tum
970 2210 1041 2249 ex
1084 2190 1472 2265 peroratione
1516 2186 1581 2243 in
1620 2190 1833 2245 Consi·
1858 2176 2050 2275 ἰῗξωω
2114 2187 2149 2207 ’·

189 2265 392 2325 storio
475 2262 681 2329 ubl-ico
721 2283 927 2325 coram
962 2264 1148 2326 Nobis
1173 2264 1387 2325 hahita
1410 2285 1447 2322 a
1468 2259 1711 2325 Dilecto
1735 2260 1834 2318 Fi·
2058 2256 2076 2279 ⁹

190 2336 282 2401 lio
304 2340 426 2401 Pau
453 2362 492 2400 o
524 2342 850 2408 Francisco
877 2341 1243 2411 Antamorio
1266 2343 1499 2400 Nostrae
1522 2336 1835 2401 Consistoe

198 2414 374 2477 rialis
404 2414 579 2481 Aulae
621 2416 979 2493 Advocat03
1018 2427 1153 2477 tum
1179 2437 1251 2476 ex
1276 2414 1440 2475 fideli
1478 2411 1776 2474 relatione
1806 2431 1841 2470 e

199 2494 622 2567 monumentis
634 2494 966 2571 saepedictae
982 2492 1487 2570 congregationis
1516 2488 1844 2550 Sacrorum

197 2570 462 2631 Rituum
519 2568 874 2651 desumpta,
913 2590 1048 2649 quae
1085 2572 1271 2651 'I'ypis
1314 2571 1609 2648 impressa
1647 2566 1844 2627 omni·

200 2641 320 2708 bus
341 2690 358 2723 ‚
393 2650 455 2707 et
479 2646 742 2725 singulis
780 2648 1009 2711 tradita
1054 2644 1196 2709 fuit.

284 2804 678 2877 Quapropter
728 2812 942 2862 coacto
984 2790 1233 2862 demum
1273 2799 1375 2861 die
1416 2820 1542 2861 xxv.
1589 2794 1853 2858 labentis
1879 2774 2153 2893 ¹9⁸‘di¹²⁸'t

212 2879 436 2936 mensis
485 2878 656 2937 Junii
707 2875 1106 2953 semipublico
1155 2877 1572 2949 Consistorio,
1612 2876 1678 2932 in
1730 2891 1855 2949 quo
1878 2858 2151 2976 1:323chss—

213 2962 435 3031 praeter
473 2954 718 3016 eosdem
747 2959 994 3015 Fratres
1019 2957 1271 3014 Nostros
1309 2956 1540 3010 Sanctae
1566 2953 1856 3009 Romanae
1878 2992 1995 3026 rum
2031 2990 2153 3025 con·

215 3027 494 3111 Ecclesiae
550 3030 942 3105 Cardinales‚
1002 3048 1215 3087 omnes
1258 3038 1555 3115 praeterea
1594 3024 1854 3085 Patriar-
1878 3042 1999 3093 uilia
2056 3042 2115 3091 in

221 3104 382 3179 chae,
426 3104 888 3185 Archiepiscopi
909 3148 926 3183 ,
961 3115 1024 3166 et
1055 3105 1375 3181 Episcopi,
1418 3122 1526 3180 qui
1549 3105 1675 3189 jam
1706 3110 1857 3160 tunc
1878 3107 2141 3188 qonsiatq-

223 3180 305 3241 ad
356 3185 744 3260 septuaginta
779 3184 910 3245 fere
959 3181 1076 3243 hac
1113 3184 1244 3258 ipsa
1291 3180 1369 3241 de
1404 3198 1585 3243 causa
1626 3197 1692 3237 ln
1735 3178 1854 3237 Ro·
1880 3192 1959 3227 no
1998 3190 2157 3253 §emt-

223 3277 406 3319 mana
450 3263 642 3321 Curia
671 3271 1016 3339 praesentes.
1053 3258 1313 3319 aderant
1334 3303 1353 3331 ‚
1388 3256 1717 3319 sessionem
1749 3251 1855 3311 ha·
1879 3243 2105 3312 publico.

223 3332 542 3417 buerunt3
585 3336 867 3417 factaque
902 3335 1189 3401 omnibus
1237 3334 1507 3433 dicent}
1542 3330 1858 3395 sententiae
