2400 3996
708 162 1160 238 Butuntum.
1620 169 1629 178 ·
1664 179 1781 244 197

121 264 539 342 consiliorum
579 283 835 332 suorum
899 268 1186 344 suffragia
1212 311 1229 340 ,
1275 274 1465 343 prout
1522 263 1787 342 Spiritus
1839 273 2050 334 Anno

121 337 390 416 Sanctus
429 345 576 420 ipsis
611 346 1030 420 suggessisset,
1071 353 1468 423 exponerent.
1868 343 2012 411 174⁶·
2062 405 2067 412 ,

202 426 288 480 Ut
329 431 544 480 autem
570 421 874 496 praeclarae
903 423 1090 498 ipsius
1113 429 1186 484 B.
1223 425 1448 482 PETRI
1482 423 1781 491 virtutes»,

131 501 393 574 eiusque
457 498 724 572 insignia
779 498 1107 572 Mil-acula,
1159 519 1279 558 nec
1325 517 1449 556 non
1492 495 1782 556 adhibitae

119 575 448 634 cautiones
481 577 545 633 in
573 575 764 635 totius
788 580 1002 637 Causae
1029 577 1401 648 discussione
1418 617 1435 646 ,
1473 574 1783 632 neminem

119 647 398 714 laterent
429 695 448 725 ,
494 653 729 710 indicto
769 653 950 728 prius
999 674 1207 714 coram
1267 651 1453 712 Nobis
1496 648 1781 726 plenario
1890 682 1900 688 -

124 745 420 786 consessu
451 728 727 787 omnium
757 729 1315 790 Ecclesiasticorum
1343 726 1651 800 ordinum
1670 771 1687 799 ,
1720 736 1782 785 et
1800 752 2074 807 commo-

125 801 550 879 Collegiorum
571 849 588 878 ,
615 825 687 863 ac
714 808 1182 881 Magistratuum
1218 811 1509 864 Romanae
1537 805 1741 862 Curiae
1761 848 1778 876 ,
1802 821 1939 872 rium
1986 822 2085 873 pu.

123 880 562 940 mandavimus
593 901 628 938 a
670 879 905 944 Dilecto
942 883 1100 946 Filio
1125 880 1391 957 Josepho
1415 877 1780 942 Ascevolino
1803 889 2022 940 blicam.

127 967 364 1017 nostrae
415 958 874 1019 consistorialis
907 960 1078 1020 Aulae
1120 957 1439 1020 Advocato
1491 956 1567 1014 de
1623 975 1777 1032 prae-

123 1033 332 1093 missis
365 1033 656 1094 omnibus
683 1036 874 1096 verba
902 1037 1076 1113 fieri;
1106 1055 1242 1096 mox
1280 1037 1477 1104 etiam⁵
1506 1044 1780 1093 exactam

123 1110 474 1170 eorundem
500 1114 920 1173 narrationem
941 1135 1010 1174 ex
1035 1111 1411 1175 authenticis
1442 1109 1775 1170 documen·

125 1187 203 1244 tis
263 1184 550 1263 religiose
607 1187 958 1265 collectam,
1007 1211 1078 1252 ac
1133 1189 1317 1264 Typis
1378 1188 1729 1262 impressam
1758 1229 1801 1260 ,.

125 1262 420 1330 omnibus
447 1262 804 1340 suffragium
841 1265 1061 1328 laturis
1087 1264 1362 1340 exhiberi
1396 1265 1774 1322 curavimus.

127 1343 394 1416 Demum
439 1352 810 1402 convocatos
842 1345 906 1402 in
949 1343 1331 1406 consistorio
1372 1337 1777 1414 semipublico

125 1415 224 1476 die
284 1438 370 1476 xi.
407 1421 714 1478 currentis
776 1422 942 1480 Junii
999 1421 1321 1490 universos
1377 1407 1775 1480 Venerabiles
1828 1432 2082 1488 cardina.

125 1495 377 1554 Fratres
425 1499 671 1554 Nostros
703 1500 764 1554 S.
800 1501 876 1558 R.
910 1502 981 1556 Ε.
1023 1493 1383 1558 Cardinales
1414 1535 1433 1563 ,
1484 1513 1595 1553 nec
1645 1512 1771 1552 non
1798 1500 1931 1551 tium
1958 1535 1975 1566 ‚
2025 1510 2079 1553 et

124 1569 514 1642 Patriarchas
537 1616 554 1644 ‚
585 1573 1091 1651 Arcbiepiscopos
1110 1619 1126 1646 ‚
1163 1584 1227 1632 et
1258 1573 1613 1647 Episcopus,
1659 1571 1769 1646 qui
1796 1562 2073 1644 Episcopo-

125 1651 251 1722 jam
279 1646 640 1722 frequentes
665 1651 938 1726 undique
971 1653 1038 1712 in
1057 1649 1297 1710 Urbem
1319 1656 1771 1722 convenerant,
1796 1652 1925 1751 zum,
1968 1637 2077 1714 ⁸⁸²,st

125 1727 442 1800 conceptis
504 1721 708 1785 verbis
768 1728 1236 1805 requisivimus,
1308 1746 1389 1786 an
1448 1724 1533 1784 ad
1586 1720 1773 1800 ipsius
1794 1717 2081 1820 (3:5¹⁸ssth

125 1801 193 1860 B.
233 1803 472 1862 PETRI
507 1803 1050 1866 canonizationem
1089 1802 1542 1881 deveniendum
1582 1800 1773 1864 Nobis
1794 1836 1876 1887 vio
1922 1835 2076 1887 nemi-

125 1887 618 1948 essecenserent.
651 1881 775 1955 Ipsi
803 1901 954 1943 vero
985 1902 1226 1942 summo
1256 1881 1599 1940 animorum
1626 1879 2023 1972 con-'publica

125 1972 346 2029 sensu,
393 1951 805 2034 gravibusque
841 1957 1235 2035 rationibus,
1258 1977 1467 2022 omnes
1507 1959 1571 2017 in
1608 1950 1770 2025 affir-

126 2034 426 2093 mativam
453 2035 832 2095 Sententiam
872 2038 962 2096 ire
1001 2037 1299 2113 comperti
1338 2045 1505 2096 suut.
1536 2041 1667 2109 Qua
1696 2032 1775 2095 de
1834 2034 1837 2043 '

125 2124 191 2167 re
221 2130 262 2169 a
298 2106 544 2168 dilectis
585 2107 757 2170 Filiis
785 2110 1148 2191 Apostolicae
1183 2109 1353 2173 Sedis
1386 2113 1653 2171 Notat-iis
1685 2110 1776 2170 ibi

123 2184 531 2261 praesentibus
637 2184 841 2248 ublica
902 2196 1326 2262 Instrumenta
1374 2182 1593 2245 confici
1624 2232 1639 2259 ‚
1702 2208 1775 2245 ac

123 2272 352 2336 praeter
393 2281 465 2321 ea
502 2282 576 2321 >su
627 2266 934 2341 regiorum
959 2267 1237 2341 ipsorum
1276 2260 1549 2337 exempla
1578 2284 1614 2321 a
1650 2262 1773 2321 sin-

125 2336 280 2413 gulis
334 2339 644 2415 praedictis
683 2340 1032 2419 subscripta
1089 2342 1156 2404 in
1199 2337 1603 2399 'tabularium
1663 2342 1772 2397 Ec·

126 2412 319 2477 clesiae
357 2420 649 2476 Romanae
691 2417 909 2479 inferri
967 2416 1417 2493 amandavimus.
1684 2448 1689 2455 -

191 2494 318 2552 Nos
337 2503 548 2551 autem
562 2492 922 2571 priusquam
949 2494 1027 2555 de
1049 2514 1287 2563 summa
1308 2493 1397 2551 rei
1422 2486 1775 2552 definiendo
1804 2558 1809 2565 ,
1892 2488 1897 2495 ’

125 2568 680 2642 pronunciaremus
698 2616 714 2642 ‚
753 2580 822 2633 ut
842 2616 859 2645 ‚
891 2571 1044 2648 quid
1064 2569 1371 2648 placitum
1392 2578 1547 2629 esset
1564 2588 1777 2630 coram

126 2648 285 2721 Deo,
342 2644 426 2705 ab
479 2644 610 2722 ipso
655 2652 831 2722 Patre
880 2646 1184 2723 luminum
1228 2637 1470 2723 edoceri
1508 2664 1803 2719 merere„

127 2740 302 2801 mur3
335 2720 584 2781 indictis
608 2743 718 2801 per
739 2724 972 2801 Urbem
1001 2722 1253 2815 jejuniis
1276 2769 1293 2795 ‚
1318 2722 1648 2798 designatis
1694 2742 1774 2795 ⁴ue

127 2796 410 2859 Ecclesiis
432 2844 450 2872 ‚
489 2818 631 2860 cum
664 2797 1054 2877 Indulgentia
1087 2802 1167 2862 ab
1204 2803 1277 2860 iis
1304 2818 1651 2877 consequen
1696 2819 1769 2871 a,

128 2876 230 2947 qui
248 2873 586 2954 Nobiscum
614 2873 939 2939 Coelestem
963 2898 1002 2936 o
1045 2898 1143 2953 em
1171 2874 1607 2953 implorarent,
1631 2894 1768 2934 ora·

127 2950 448 3025 tionibus,¹
483 2962 548 3013 et
585 2898 1121 3027 ,obsecrationissus
1167 2955 1399 3025 instare
1452 2968 1577 3007 non
1616 2969 1823 3025 prae·:.

127 3028 536 3105 termisimus3
577 3023 772 3090 donec
814 3028 930 3089 hac
973 3029 1072 3089 die
1119 3035 1482 3099 coruscante
1518 3026 1769 3111 Sancto·
1816 3066 1823 3075 -
2027 3086 2038 3097 ,

127 3122 262 3165 rum
299 3098 746 3182 Apostolorum
791 3106 960 3165 Petri
1003 3115 1068 3165 et
1117 3100 1290 3166 Pauli
1330 3096 1631 3189 Natalitio
1676 3098 1767 3173 di·
1790 3080 2069 3199 gflngffl

127 3191 254 3241 cata
269 3227 288 3257 ,
317 3202 614 3257 magnam
638 3182 1000 3243 venerandae
1023 3178 1429 3255 solemnitatis
1458 3176 1770 3249 laetitiam,
1792 3166 2069 3269 ιίοὲἰξω·

129 3274 284 3317 novo
329 3256 612 3326 Ecclesiae
641 3258 898 3335 gaudio,
923 3279 1034 3335 per
1058 3256 1389 3326 definitivae
1416 3240 1781 3343 huiusmodi.
1954 3251 1969 3266 '

126 3333 904 3413 Sententiaeprolationem
935 3379 952 3407 ,
994 3356 1028 3395 c
1076 3332 1313 3409 mulare
1354 3332 1765 3409 decrevimus·

127 3412 324 3486 Quare
340 3453 361 3488 ,
395 3406 818 3491 praeeuntibus
857 3432 1012 3493 supp
1041 3406 1659 3546 icatiopislggneralis
1684 3409 1767 3483 riq
1820 3472 1829 3479 ‚
