2400 3996
297 244 507 294 Ponm

295 308 363 362 A·
396 310 510 364 vu.

563 123 691 190 544
962 144 973 157 ·
1091 121 1480 187 Bennmcrl
1521 118 1699 185 xlv.

560 228 895 289 dummodo
952 229 1141 290 totius
1200 226 1412 305 populi
1473 225 1804 290 multitudo
1863 246 2061 289 unum
2117 228 2196 289 in

560 306 763 367 locum
785 350 801 379 ‚
852 306 960 367 ubi
1000 316 1167 378 oret,
1213 302 1494 365 masculis
1544 326 1582 365 a
1633 305 1876 365 feminis
1930 306 2186 365 seorsim

560 381 871 445 collocatis
894 428 913 457 ‚
970 383 1301 444 convenire
1361 379 1540 441 facile
1568 401 1580 414 ·
1599 383 1785 458 possit
1819 426 1837 452 ‚
1894 392 1955 441 et
2015 378 2192 441 nulla

560 458 917 521 suboriatur
948 459 1222 521 confusio
1259 468 1319 519 et
1349 458 1722 519 inordinatio
1741 503 1756 529 ‚
1783 458 1914 517 sive
1949 459 2013 517 in
2043 478 2192 535 pro·

558 536 697 615 pria
746 540 943 597 Domo
979 532 1444 597 Patresfamilias
1493 554 1599 609 en,
1641 545 1750 596 aut
1782 532 1906 595 alio
1960 554 2188 611 oppor-

559 613 795 673 tuniori
838 622 1111 690 tempore
1129 658 1147 682 ,
1194 624 1340 671 ante
1375 614 1706 691 Imaginem
1757 614 2002 671 Sacram
2043 631 2192 669 cum

561 699 693 751 tota
720 688 977 751 Familia
1000 690 1432 749 convenientes
1451 697 1653 748 orent.
1669 693 2006 763 Eapropter
2027 691 2156 747 Vos
2171 732 2196 761 ,

558 765 959 827 venerabiles
1013 770 1260 827 Fratres
1286 805 1301 834 ,
1343 784 1626 839 rogamus
1646 808 1662 831 ,
1710 774 1776 823 et
1816 764 1882 822 in
1924 764 2200 823 Domino

558 841 925 910 hortamur,
954 853 1025 903 ut
1060 840 1344 903 omnibus
1369 852 1433 899 et
1462 838 1712 917 singulis
1745 838 2155 901 Ecclesiarnm
2172 883 2200 913 ,

559 921 927 997 piorumque
954 916 1264 989 locorum,
1295 918 1358 976 in
1397 917 1766 978 Civitatibus
1787 915 2037 993 quidem
2067 921 2189 979 Ca·

560 993 878 1066 thedwinus,
898 993 1091 1056 aliar-u
1100 1014 1280 1070 mque
1292 996 1736 1071 praecipuarum
1751 990 2090 1055 Ecclesiam
2097 1014 2202 1067 m,

560 1072 631 1133 iu
676 1072 931 1149 Oppidis
976 1092 1123 1131 vero
1162 1068 1607 1141 Parochialium
1636 1067 2041 1129 Ecclesiarum
2077 1072 2192 1129 Su·

561 1148 909 1229 perioribus
926 1192 943 1219 ,
984 1168 1054 1207 ac
1093 1147 1454 1212 Rectoribus
1494 1148 1824 1224 injungatis
1847 1191 1868 1220 ‚
1894 1157 1966 1205 ut
1983 1192 2002 1215 ‚
2032 1150 2196 1222 prae-l

561 1226 747 1286 misso
776 1231 925 1289 Cam
1009 1244 1099 1285 nae
1124 1228 1332 1285 sonitu
1373 1225 1446 1283 iis
1483 1222 1730 1296 diebus,
1769 1224 1962 1298 iisque
1983 1221 2200 1296 horis,

608 1301 787 1363 uibus
848 1302 940 1361 Vo
984 1304 1034 1362 is
1088 1302 1494 1378 opportunius
1541 1302 1614 1361 'in
1669 1300 1926 1359 Domino
1985 1298 2200 1359 visum

632 1380 785 1452 erit,
828 1377 1037 1439 dando
1076 1376 1585 1455 decernendoque
1603 1420 1620 1445 ‚
1669 1372 1899 1437 omues'
1927 1374 2192 1435 Christi-

562 1454 773 1516 fideles
815 1458 1288 1533 uniuscujusque
1317 1474 1480 1515 curae
1511 1454 1864 1513 commissos
1883 1498 1898 1519 ,
1940 1468 2094 1528 quos
2124 1452 2194 1513 in

524 1548 531 1555 ·
560 1548 759 1589 unum
798 1534 1130 1601 convenire
1158 1531 1481 1606 eontigerit
1501 1575 1518 1603 ,
1549 1532 1614 1591 in
1655 1528 1937 1589 mentalis
1961 1530 2196 1589 oratio-

561 1607 660 1666 nis
688 1604 893 1671 studio
914 1605 1157 1667 erudire
1178 1648 1190 1671 ‚
1225 1607 1352 1667 sive
1375 1626 1486 1682 per
1509 1603 1658 1665 alios
1693 1606 1920 1682 peritos
1957 1604 2198 1666 erudiri

562 1681 793 1749 faciant
811 1726 829 1753 ‚
856 1691 1043 1757 atque
1062 1681 1139 1741 ad
1158 1679 1326 1741 illam
1345 1680 1854 1761 frequentandam
1873 1680 2198 1756 accedere,

565 1758 981 1821 necessitatem
1001 1755 1452 1833 utilitatemque
1469 1777 1814 1835 proponere
1827 1800 1842 1827 ‚
1857 1754 2194 1833 Indulgen-

564 1834 795 1898 tiarum
830 1833 1147 1893 thesauros
1164 1878 1181 1905 ‚
1301 1852 1368 1893 os
1409 1833 1492 1901 de,
1519 1833 1893 1909 benignitate
1931 1839 2192 1911 Aposto-

564 1906 683 1971 lica
724 1908 1081 1985 elargimur,
1124 1929 1238 1986 exp
1263 1912 1460 1984 isare,
1490 1921 1554 1969 et
1599 1910 1677 1969 ad
1709 1912 1867 1987 ipsos
1915 1930 1986 1969 ea
2009 1956 2028 1983 ‚
2067 1931 2200 1989 qua,

456 2031 463 2039 .
566 1986 742 2049 decet
762 2031 781 2060 ‚
817 1990 1076 2064 pietate,
1106 2009 1180 2048 ae.
1211 1989 1554 2050 reverentia
1598 1985 1926 2050 lucrandos
1961 1985 2196 2062 inflam-

274 3037 394 3088 Dat.
420 3033 553 3086 Pon·

278 3103 365 3157 tif.
415 3117 553 3153 anno

276 3169 401 3220 vu.
468 3167 554 3219 die

283 3237 358 3287 ιδ.
418 3237 517 3286 De·

276 3303 499 3354 eembris

280 3369 422 3440 ⁸746.

566 2084 743 2126 mare
777 2063 1066 2126 studeant
1086 2107 1107 2137 ‚
1141 2075 1206 2124 et
1239 2066 1594 2138 enitantur-3
1641 2075 1826 2142 atque
1869 2065 2054 2124 etiam
2084 2109 2103 2136 ‚
2141 2065 2196 2124 si

567 2139 889 2202 commode
910 2181 925 2208 ‚
966 2151 1038 2200 ut
1074 2142 1470 2217 praemittitur
1495 2185 1518 2216 ,
1567 2141 1700 2200 fieri
1745 2141 1974 2218 poterit
1995 2185 2014 2208 ‚
2053 2159 2200 2200 ora·

568 2219 725 2292 tioui
762 2217 1013 2280 mentali
1045 2219 1109 2276 in
1132 2218 1444 2291 communi
1483 2219 1783 2295 practica,
1821 2227 1891 2277 ut
1921 2216 2152 2276 dieitur
2175 2253 2206 2294 μ

568 2314 789 2358 vacare
813 2339 833 2365 ‚
873 2295 937 2356 in
983 2314 1175 2372 eaque
1217 2295 1480 2368 exerceri
1535 2293 1800 2366 faciant,
1839 2303 1903 2352 et
1927 2304 2194 2362 purent-

568 2369 971 2436 Praesentibus
1010 2373 1318 2448 perpetuis
1349 2369 1574 2430 futuris
1617 2368 1995 2446 temporibus
2045 2367 2198 2430 vali-

568 2449 751 2506 turis.
788 2446 1087 2509 Volumus
1116 2458 1342 2515 ,autem
1369 2491 1388 2520 ‚
1435 2457 1506 2506 ut
1550 2445 1886 2506 earundem
1931 2465 2194 2522 prgaesen·

568 2523 731 2583 tium
782 2517 1101 2586 literarum
1161 2534 1438 2585 transum
1487 2523 1562 2582 tis
1599 2567 1616 2594 ‚
1675 2543 1780 2600 seu
1847 2521 2138 2600 exemplis
2171 2563 2196 2612 ι

570 2597 757 2657 etiam
798 2599 1100 2674 impressis
1119 2643 1135 2669 ‚
1178 2619 1362 2660 manu
1407 2620 1440 2658 a
1469 2601 1661 2676 ieujus
1692 2599 1928 2678 Notat-ii
1959 2594 2200 2674 publici

568 2673 923 2748 subscriptis
950 2717 967 2746 ,
1006 2683 1070 2732 et
1108 2673 1306 2748 sigillo
1347 2681 1618 2736 Personae
1647 2677 1714 2736 in
1737 2672 2042 2752 nignitate
2081 2679 2200 2736 Ec·-

570 2749 900 2826 clesiastiea
954 2750 1302 2822 constitutae
1351 2753 1638 2816 munitis.
1680 2745 1892 2812 eadem
1929 2771 2198 2828 ⁵prorsus

572 2827 723 2888 fides
747 2825 1149 2899 adhibeatur,
1188 2847 1324 2904 quae
1354 2826 1754 2906 adhiberetur
1788 2826 2014 2890 eisdem
2035 2848 2198 2906 prae·

570 2904 975 2978 sentibus‚-·si
1016 2903 1222 2964 forent
1274 2903 1596 2978 exhibitae,
1631 2903 1728 2966 vel
1769 2907 2046 2964 ostensae.
2091 2911 2198 2966 In-

572 2984 755 3042 terim
792 2979 1197 3058 Apostolioam,
1220 2982 1708 3058 Benedictionem
1734 2981 1958 3050 vohis,
1995 2986 2196 3046 Vene-

574 3056 795 3119 rabiles
834 3063 1081 3120 Fratres
1105 3103 1122 3131 ‚
1157 3069 1546 3135 peramanter
1575 3059 1990 3136 impertimur.

646 3139 873 3194 Datum
911 3139 1118 3196 Romae
1156 3135 1320 3211 apud
1353 3139 1412 3196 S.
1454 3134 1708 3194 Mariam
1747 3140 2038 3211 Maiorem
2077 3133 2202 3194 suh

571 3215 619 3272 A
630 3209 1153 3272 nnuloPiscatot-is
1166 3212 1269 3272 die
1285 3233 1409 3274 xvi.
1442 3211 1724 3270 Decemh.
1755 3215 2200 3276 MDCCXLVI.

570 3286 962 3363 Pontificatus
995 3289 1199 3348 Nostri
1225 3295 1414 3350 Anno
1449 3287 1734 3362 Septimo.

1405 3361 1721 3439 arietantes
1748 3363 2041 3426 Amata-s.
