2400 3996
595 193 639 241 e
651 174 730 242 14
1123 171 1519 238 BEN-nmen
1542 169 1739 236 XIV.

287 298 344 362 ‘p
363 314 462 356 σῃ
483 311 542 356 T..
591 280 888 344 indicatis
914 277 1223 341 Min-aculis
1258 290 1399 358 post
1435 277 1743 340 indultam
1778 281 2123 343 JOSEPHO
2145 302 2251 344 ve-

334 369 406 423 A.
437 365 542 423 VI.
589 359 986 420 -uerationem
1035 361 1313 436 sequutis
1354 403 1371 429 ‚
1426 358 1799 426 auctoritate
1848 356 2201 435 Apostolien
2230 404 2248 434 ,

595 432 922 498 nonnullis
969 436 1279 512 Episcopis
1326 434 1403 494 de
1444 454 1617 494 more
1653 431 1956 512 delegare.
2098 497 2107 502 ,

315 527 463 581 Nova
483 525 602 577 mi..
677 519 955 588 Quorum
1011 519 1403 594 Processuum
1457 509 1781 574 validitate
1842 511 2191 588 approbata
2228 557 2247 588 ‚

288 597 475 646 *neuls
491 609 580 644 ex·
601 587 792 649 Nobis
817 594 942 666 jam
978 591 1091 650 Dei
1117 588 1443 651 voluntate
1480 590 1547 650 in
1590 589 1753 649 Petri
1796 589 2112 649 Cathedra
2154 609 2247 652 se-

289 661 534 712 nmium.
563 712 574 718 -
601 665 924 736 dentibus,
974 687 1074 728 sex
1110 667 1496 743 potissimum
1548 663 1841 726 Miracula
1882 666 1946 725 in
1989 667 2251 742 praefata

295 735 480 814 ¹⁰0²*
492 745 575 796 Ῥ·
591 746 926 806 Sacrorum
947 746 1205 804 Rituum
1230 744 1717 820 congregatione
1750 743 1985 804 iteratis
2008 743 2252 806 vicibus

287 796 582 896 *pmb‘nm‘
601 822 719 880 rite
759 820 1024 882 discussa
1055 821 1352 897 fuerunt3
1390 819 1468 881 de
1490 819 1747 898 quibus»,
1775 829 2103 897 postquam
2123 823 2252 882 Nos

595 898 616 957 i
663 899 711 956 si
749 896 1038 974 suffragia
1074 896 1515 963 Consultorum
1555 895 1957 973 perlegimu5‚
1988 907 2052 956 et
2090 901 2245 958 Car-

587 917 898 1036 ,niimlium
965 976 1399 1052 praedictorum
1458 973 1709 1034 consilia
1766 973 2115 1045 audivimus
2176 977 2249 1035 in

585 1053 1084 1131 Congregatione
1107 1049 1399 1116 Generali
1436 1071 1643 1111 coram
1687 1051 1876 1113 Nobis
1899 1048 2115 1112 habita
2142 1050 2249 1112 die

584 1149 737 1198 >utu-
778 1128 1151 1206 Septembris
1191 1131 1364 1190 Anni
1406 1132 1875 1200 MDcchIV.‚
1916 1126 2072 1192 nihil
2122 1132 2249 1191 Nos

586 1205 844 1282 quidem
872 1215 1022 1268 tunc
1056 1205 1607 1282 pronunciavimus
1626 1251 1643 1279 ,
1681 1202 1786 1264 sed
1816 1205 2109 1268 invocato
2134 1225 2244 1266 sae·

583 1284 730 1360 pius
769 1285 976 1344 nivini
1023 1282 1295 1346 .luminis
1349 1282 1697 1359 adiutorio,
1748 1283 1923 1342 novis
2010 1301 2047 1342 e
2101 1281 2244 1342 dili·

631 1361 812 1419 entiis
847 1364 1015 1437 iussu
1067 1365 1307 1422 Nostro·
1340 1361 1637 1437 peractiS,
1678 1369 1749 1418 ut
1792 1378 1929 1435 quae
1975 1379 2075 1418 am
2122 1358 2245 1421 tol·

619 1447 872 1497 crentur
914 1436 1303 1498 difficultates
1344 1439 1407 1496 in
1450 1436 1659 1496 animo
1688 1439 1913 1496 Nostro
1936 1434 2247 1509 subortae,

588 1513 742 1574 dum
769 1515 1018 1574 interim
1050 1515 1309 1590 privatis
1335 1511 1555 1576 studiis
1591 1533 1725 1573 rem
1752 1522 1947 1573 totam
1972 1511 2052 1572 ad
2075 1529 2243 1574 'sum-

583 1610 766 1650 mum
806 1591 1018 1668 judicii
1067 1594 1332 1666 rigorem
1394 1592 1794 1666 exigeremus,
1848 1589 2099 1651 demum
2141 1589 2246 1650 die

585 1669 793 1744 -prima
841 1669 982 1743 Maii
1023 1670 1188 1728 Anni
1228 1668 1638 1729 MDCCXLV.
1677 1669 1739 1726 in
1778 1670 1958 1727 Festo
1988 1670 2243 1728 Sancto-

591 1764 734 1804 rum
767 1741 1199 1819 Apostolorum
1238 1742 1457 1806 Jacobi
1492 1755 1557 1804 et
1596 1741 1895 1820 Philippi,
1930 1741 2243 1806 celebrata

591 1822 771 1881 Missa
813 1823 877 1879 in
917 1820 1166 1882 Basilica
1210 1822 1641 1895 -Lateranensi‚
1732 1819 1937 1882 ublico
1981 1826 2247 1888 Decreto

587 1896 761 1958 edito
783 1944 798 1970 ‚
843 1898 1236 1976 infrascripta
1276 1897 1402 1962 duo
1448 1900 1678 1961 miracu
1706 1921 1742 1957 a
1781 1900 1950 1958 tertii
1986 1901 2248 1976 ,generis

583 1975 762 2037 omni
810 1994 880 2036 ex
924 1988 1102 2052 parte
1132 1974 1396 2054 probata
1434 1995 1560 2039 esse
1588 1973 2059 2037 declaravimus.
2150 1981 2163 1990 '

341 2052 570 2113 Miricu·
668 2054 940 2113 Primum
969 2064 1062 2113 est
1099 2052 1504 2115 consolidatio
1536 2056 1818 2113 crurium
1844 2064 1907 2113 et
1934 2055 2245 2115 femorum

291 2129 400 2183 lum
427 2130 468 2180 1·
581 2132 770 2207 pueri
831 2131 1080 2207 Josephi
1139 2132 1448 2205 Dionysii,
1506 2132 1613 2206 qui
1672 2131 1967 2206 inferiora
2026 2130 2243 2209 buius-

577 2207 758 2267 .modi
792 2209 1070 2268 membra
1109 2208 1265 2268 adeo
1303 2205 1529 2268 debilia
1565 2217 1629 2268 et
1665 2206 1917 2271 flaccida
1952 2205 2035 2268 ab
2061 2219 2245 2271 utero

576 2285 804 2348 ,Matris
833 2285 1162 2359 attulerat,
1203 2295 1273 2346 ut
1306 2286 1381 2345 iis
1417 2282 1593 2345 nullo
1619 2282 1806 2345 modo
1841 2305 2071 2363 corpus
2112 2306 2239 2347 sus-

579 2372 836 2422 tentare
861 2374 1106 2441 posset3
1145 2364 1299 2440 quin
1338 2362 1531 2422 immo
1554 2368 1747 2438 quum
1778 2383 1997 2423 eorum
2050 2382 2242 2425 mem·

577 2438 850 2499 -brorum
907 2459 1153 2514 carnes,
1214 2438 1455 2500 linteoli
1522 2441 1685 2505 ritu,
1739 2460 2245 2517 quaquaversum

577 2514 1148 2591 complicarenmr,
1183 2516 1421 2577 ossibus
1460 2536 1531 2576 ea
1572 2536 1782 2577 carere
1824 2517 2083 2577 omnino
2126 2538 2240 2597 pn·

573 2590 890 2651 „tabantur
931 2614 950 2653 ε
991 2599 1170 2653 Hunc
1231 2600 1429 2654 Mater
1484 2593 1721 2654 biennii
1763 2598 1883 2671 jam
1928 2604 2121 2658 oetate
2203 2593 2244 2654 ii

575 2668 1013 2745 ,proficientem
1042 2669 1122 2729 ad
1159 2674 1353 2731 Aram
1386 2668 1675 2746 adduxit,
1708 2672 1829 2731 sub·
1850 2692 1973 2749 qua
2008 2675 2162 2731 ΒΕΑ
2216 2676 2245 2731 1

575 2748 900 2807 -JOSEPHI
943 2767 1166 2823 corpus
1212 2748 1579 2826 requiescit3
1630 2768 1894 2827 cumque
1932 2750 2242 2827 Omnipo-

577 2833 822 2883 -tentem
871 2829 1066 2884 Deum
1104 2845 1221 2902 pro
1268 2822 1589 2902 deplorata
1642 2823 1755 2886 filii
1816 2828 2089 2889 sanitate
2131 2847 2247 2903 per

574 2901 777 2978 -ips‘ius
813 2903 998 2962 Beati
1053 2904 1273 2963 merita
1330 2923 1475 2962 cum
1534 2900 1847 2977 lacrymis.
1889 2916 2243 2970 exorasset,

571 2979 872 3039 -exaudita
904 2990 1024 3039 .est
1061 2981 1261 3040 oratio
1300 2986 1465 3059 ejuS,
1504 2980 1593 3045 ita
1648 2990 1723 3039 ut
1760 2998 2027 3057 puerum
2094 2980 2247 3053 inde

523 3102 542 3111 -
575 3055 848 3133 -pedibus
895 3059 1018 3117 suis
1058 3057 1447 3117 incedentem
1490 3056 1747 3117 domum
1778 3057 2129 3120 reduxerit..

341 3139 582 3193 Min-aew-
663 3131 946 3195 Alterum
995 3144 1090 3193 est
1133 3136 1374 3195 sanatio
1410 3134 1695 3193 Antoniae
1742 3133 2033 3195 Mox-elliae
2068 3177 2089 3206 ,
2144 3138 2245 3195 cui

287 3210 395 3260 lum
428 3210 497 3265 1¹·
575 3221 879 3286 congesta
916 3210 1090 3271 tabes
1135 3213 1196 3269 in
1240 3213 1488 3272 sinistra
1522 3210 1791 3292 thoracis
1844 3213 2106 3288 regione
2145 3214 2243 3272 in·

573 3287 816 3346 seriora
837 3289 1070 3348 viscera
1089 3288 1244 3348 adeo
1270 3290 1569 3349 infecerat
1587 3335 1604 3362 ‚
1648 3301 1720 3350 ut
1749 3290 1891 3350 licet
1938 3289 2242 3365 Chirurgi

590 3384 778 3422 manu
834 3375 1122 3424 externus
1168 3369 1404 3425 tumori
1452 3364 1659 3435 hiatus
1710 3378 1960 3445 apertus
2002 3367 2241 3439 fuerit,

569 3450 865 3503 attamen
909 3463 1036 3505 non
1077 3462 1144 3503 ex
1186 3462 1261 3506 eo
1310 3441 1549 3517 solnm,
1586 3443 1691 3504 sed
1728 3464 1885 3525 saepe
1920 3446 2116 3510 etiam
2172 3464 2240 3509 ex
