2400 3996
553 88 700 194 '556
1086 126 1473 192 BENEmc‘rt
1519 122 1694 191 mv.

310 248 524 301 Pon-r.
575 236 1071 315 Iurisdiction'em
1112 232 1241 295 tem
1281 236 1348 295 in
1388 234 1522 295 foro
1562 234 1871 307 interiori,
1916 254 2108 311 quam
2144 235 2206 295 in

313 316 517 371 A.v11.
576 316 892 386 exteriori,
935 333 1056 372 non
1110 323 1317 372 tamen
1359 314 1422 371 in
1467 311 1595 382 his,
1644 334 1776 390 quae
1829 324 1977 371 sunt
2026 311 2208 373 Ordi-

575 394 672 450 nis
699 437 715 461 ,
743 402 816 449 ut
901 390 1179 449 raefertur
1199 435 1216 463 ,
1250 388 1514 460 habere,
1546 400 1607 449 et
1650 411 1783 449 eam
1809 436 1823 459 ,
1865 410 1937 447 ac
1966 391 2213 459 omnia,

577 479 640 529 et
675 470 847 544 singu
877 488 910 525 a
950 465 1065 525 alia
1087 512 1103 538 ‚
1145 486 1279 543 quae
1305 488 1419 543 pro
1464 479 1739 544 tempore
1772 468 2035 526 existens
2074 467 2214 541 Epi·

575 565 792 621 scopus
833 542 1131 613 Fluminis
1175 546 1450 604 Januarii
1496 546 1562 617 in
1598 538 1948 605 Tei·ritoriis
2001 543 2215 620 hujus-

576 622 747 681 modi
789 621 1085 681 hactenus
1111 620 1375 694 babere,
1416 641 1657 697 gerere,
1693 633 1757 681 et
1788 640 2071 680 exercere
2110 617 2215 677 de·

574 698 718 759 huit
743 743 760 769 ‚
797 700 1038 775 potuit,
1091 707 1155 756 et
1188 700 1509 759 consuevit
1535 743 1551 773 ‚
1593 697 1905 771 similiter,
1944 708 2009 756 et
2047 697 2215 772 pari·

578 775 892 842 formiter,
933 772 1227 852 nullaque
1256 795 1509 851 prorsus
1542 774 1885 835 differentia
1906 820 1923 848 ,
1950 774 2219 849 exceptis

581 862 787 911 tamen
846 854 956 927 iis,
1011 872 1182 929 quae,
1226 863 1301 912 ut
1334 852 1693 929 praefertur,
1733 862 1877 911 sunt
1913 850 2171 910 Ordinis
2200 894 2217 921 ,

581 939 769 1007 prout
825 930 1030 990 Divini
1073 926 1279 989 cultus
1326 940 1697 1006 augumento
1738 974 1755 1001 ,
1810 948 1881 987 ac
1940 929 2221 1004 ipsorum

585 1008 918 1082 respective
971 1004 1185 1078 Cleri,
1247 1016 1310 1065 et
1367 1005 1580 1083 Populi
1632 1008 1979 1066 animarum
2030 1001 2223 1063 saluti

585 1082 864 1160 expedire
887 1084 1293 1159 cognoverint
1313 1128 1325 1149 ,
1356 1086 1689 1161 respective
1710 1102 1919 1161 gerere
1936 1127 1952 1154 ,
1980 1081 2186 1141 facere
2202 1122 2219 1152 ‚

587 1171 650 1220 et
683 1162 931 1237 exequi3
973 1180 1044 1219 ac
1073 1180 1188 1237 pro
1229 1178 1441 1220 eorum
1478 1161 1717 1221 decenti
1751 1159 1965 1220 habitu
1996 1157 2221 1218 Subta-

583 1258 734 1297 nam
770 1258 910 1296 cum
947 1235 1334 1299 Mantelleeta
1384 1239 1542 1315 nigri
1578 1236 1799 1299 coloris
1832 1235 2107 1308 deferre,
2156 1242 2226 1292 et

589 1326 824 1391 gestare
865 1312 1055 1374 libere
1087 1359 1104 1388 ,
1150 1323 1216 1374 et
1250 1312 1417 1374 licite
1465 1316 1797 1393 respective
1838 1313 2072 1390 possint
2098 1355 2117 1383 ,
2156 1318 2227 1369 et

593 1390 878 1465 valeant;
929 1411 1071 1450 cum
1111 1392 1430 1464 omnibus,
1468 1403 1532 1452 et
1562 1390 1811 1469 singulis
1850 1388 1985 1451 aliis
2027 1389 2225 1465 privi-

591 1467 794 1545 legiis,
841 1466 1237 1527 facultatibus
1266 1514 1283 1543 ,
1330 1468 1813 1547 exemptionibus
1842 1513 1858 1542 ,
1918 1464 2224 1525 libertati·

591 1545 706 1605 bus
723 1590 740 1616 ‚
763 1544 1316 1621 jurisdictionibus}
1340 1548 1839 1622 praeeminentiiS‚
1865 1541 2184 1619 favoribus
2208 1582 2229 1612 ‚

591 1624 834 1697 gratiis,
871 1633 933 1680 et
959 1619 1215 1681 indultis
1235 1667 1251 1696 ,
1282 1622 1506 1698 quibus
1526 1644 1643 1701 pro
1666 1635 1941 1698 tempore
1964 1619 2233 1679 existens

592 1699 909 1772 Vicarius,
939 1707 1002 1756 et
1030 1697 1511 1759 Administrator
1542 1703 1604 1760 in
1636 1696 2055 1777 spiritualibus
2078 1700 2229 1756 Pro·

595 1776 844 1846 vinciae,
895 1794 999 1833 seu
1049 1776 1371 1836 Districtus
1423 1776 1643 1838 Insuloe
1690 1776 1767 1837 de
1804 1772 2232 1856 Moqambique

594 1850 876 1911 similiter
935 1851 1327 1912 ordinariam
1358 1898 1375 1927 ‚
1433 1864 1507 1913 ut
1552 1854 1877 1932 proefertur
1903 1898 1920 1927 ,
1966 1849 2235 1911 sui-isdi-

594 1930 859 1990 ctionem
889 1927 1042 1987 inibi
1082 1928 1351 2001 habens,
1400 1932 1600 1991 utitur
1623 1975 1637 2000 ,
1677 1930 1947 2010 potitur,
1984 1938 2048 1989 et
2080 1946 2229 2005 gau·

596 2005 732 2077 det,
790 2023 860 2065 ac
889 2007 1022 2080 uti,
1062 2009 1289 2084 potiri,
1330 2016 1394 2068 et
1439 2009 1702 2084 gaudere
1736 2017 1973 2086 potest,
2010 2015 2075 2066 et
2114 2023 2231 2083 po·

597 2085 745 2144 terit
785 2082 1248 2160 quomodolibet
1282 2085 1345 2144 in
1398 2084 1677 2147 futurum
1709 2107 1729 2162 3
1781 2087 2080 2160 assignata
2120 2101 2236 2160 per

599 2161 832 2222 dictum
872 2165 1168 2221 ,Ioannem
1207 2166 1428 2238 Regem
1468 2184 1673 2223 annua
1712 2183 1947 2221 summa
1990 2161 2233 2220 hiscen·

598 2249 728 2298 tum
768 2239 1127 2314 vigintiocto
1160 2236 1526 2299 ducatorum
1562 2240 1697 2300 auri
1729 2238 1805 2298 de
1836 2244 2133 2307 Camere,
2170 2246 2238 2296 et

601 2315 893 2394 juliorum
949 2315 1158 2375 decem
1216 2327 1473 2377 monetae
1517 2321 1805 2377 Romanae
1867 2337 1939 2374 ex
1992 2314 2235 2374 AErario

598 2395 784 2468 Regio
813 2389 1068 2483 cuilibet
1098 2390 1493 2456 Praelatorum
1526 2392 1878 2486 hujusmodi
1919 2409 2035 2469 pro
2074 2401 2233 2452 tem-

599 2485 748 2544 pore
793 2471 1074 2529 existenti
1133 2490 1250 2547 pro
1303 2491 1571 2547 congrua
1617 2489 1885 2554 ipsorum
1931 2478 2235 2528 sustenta·

601 2546 773 2603 tione
806 2548 1138 2620 respective
1173 2545 1579 2623 persolvenda
1604 2592 1622 2622 ,
1662 2548 1739 2608 de
1762 2548 2079 2625 potestatis
2102 2542 2239 2623 ple-

603 2620 887 2680 nitudine
927 2625 1062 2697 pari
1111 2622 1399 2684 similiter
1436 2635 1737 2702 perpetuo
1780 2623 2065 2699 erigimus
2092 2666 2112 2696 ‚
2170 2631 2241 2684 et

600 2697 1002 2758 instituimus.

303 2776 610 2832 [lausum--
680 2780 1088 2835 Decernentes
1119 2786 1483 2851 praesentes,
1525 2788 1590 2839 et
1614 2776 1875 2855 desuper
1908 2775 2239 2836 conficien-

607 2852 715 2913 das
771 2851 980 2917 literas
1030 2857 1080 2913 A
1167 2851 1409 2915 stolicas
1464 2874 1705 2932 semper
1732 2900 1749 2929 ‚
1816 2864 1881 2915 et
1936 2862 2245 2931 perpetuo

603 2928 841 2990 validas
859 2976 877 3002 ,
912 2941 976 2991 et
1013 2950 1046 2988 e
1109 2949 1281 2990 caces
1324 2932 1612 3001 existere,
1656 2942 1722 2993 et
1761 2931 1895 2990 sore
1915 2931 2247 3008 ,suosque

606 3005 912 3087 plenarios
924 3052 941 3081 ,
963 3017 1026 3067 et
1049 3009 1319 3084 integros
1336 3007 1819 3069 effectus-sortiri
1835 3053 1852 3082 ,
1872 3018 1936 3067 et
1954 3007 2249 3067 obtinere

605 3085 832 3144 debere
851 3130 868 3155 ‚
901 3105 972 3144 ac
1015 3081 1188 3147 nullo
1228 3105 1503 3164 unquam
1528 3097 1808 3163 tempore-
1831 3105 1902 3144 ex
1942 3103 2245 3161 quocum·

604 3182 729 3238 ‚que
773 3161 972 3238 capite
991 3205 1012 3232 ‚
1055 3159 1156 3223 vel
1185 3161 1460 3240 qualibet
1502 3181 1683 3222 causa
1714 3161 2131 3239 'quantumvis
2159 3158 2248 3220 le-

611 3241 821 3313 gitima
838 3282 855 3309 ,
878 3248 941 3298 et
957 3237 1214 3314 juridica
1234 3283 1252 3313 ,
1272 3241 1457 3300 etiam
1482 3259 1553 3298 ex
1584 3237 1659 3299 eo
1696 3237 1864 3316 quod
1889 3237 2074 3298 Sedes
2102 3239 2277 3315 Epi·-x

611 3313 869 3391 scopulis
922 3313 1223 3375 Fluminis
1272 3317 1545 3378 Januarii
1588 3316 1668 3376 ad
1714 3335 1980 3394 praesens
2018 3325 2202 3376 vacet
2229 3358 2250 3387 ,

611 3400 679 3454 et
712 3391 961 3475 proprio
1001 3396 1246 3458 Pastore
1264 3437 1281 3471 ,
1330 3405 1394 3456 et
1422 3393 1753 3462 Defensore
1783 3393 2085 3460 destituta
2128 3392 2249 3458 exi-

2090 3477 2253 3542 stat,
