2400 3996
584 168 710 241 330
1104 169 1495 235 Bssmmicn
1536 166 1713 233 XIV.

512 334 526 349 ,
582 284 851 343 ,Ioannes
866 282 990 339 Rex
1022 298 1095 338 ex
1114 278 1238 338 suis
1261 277 1439 355 regiis
1466 274 1808 340 redditibus
1827 296 2114 355 ‚congrue
2129 282 2215 341 re·

516 402 528 417 .
584 359 851 437 spective
868 355 1127 416 fundare
1144 355 1410 415 destinat
1427 376 1444 431 ;
1464 374 1572 415 nec
1591 375 1716 415 non
1739 356 1802 415 in
1823 357 1908 416 eis
1925 366 2030 439 ’1⁸¹⁵
2047 356 2220 419 dictis

586 432 957 498 Civitatibus
968 437 1028 492 S.
1040 432 1242 508 Pauli,
1254 443 1316 493 et
1329 432 1736 493 Mariannensi
1753 478 1769 506 ,
1787 443 1850 492 et
1862 452 2010 493 earu
2018 433 2222 497 mdem

586 510 989 575 Ecclesiarum
1030 509 1394 572 Bioecesibus
1439 507 1570 569 alia>
1593 509 1888 569 Beneficia
1929 507 2221 572 Ecclesia·

588 593 737 652 stica
762 610 903 649 cum
932 608 1081 649 cura
1100 631 1117 661 ‚
1146 598 1210 647 et
1245 588 1379 647 sine
1405 607 1552 647 cura
1574 630 1591 658 ‚
1631 605 1764 665 qnae
1803 586 1956 647 inibi
2005 587 2224 649 divino

582 666 810 742 cultui,
828 676 887 726 et
901 666 1206 726 dictarum
1225 661 1622 724 Ecclesiarum
1637 664 1887 724 servitio
1903 708 1920 738 ‚
1939 673 2002 723 et
2015 663 2222 725 Eccle-

586 747 810 805 siastici
822 742 983 805 Cleri
1004 742 1210 802 decori
1225 741 1337 802 sibi
1355 741 1687 818 respective
1701 741 2227 802 videbuntur-con-

590 824 803 882 venire
820 866 837 894 ‚
870 820 948 880 de
972 820 1209 897 praefati
1237 819 1520 892 ⁸Ioannis,
1547 827 1608 877 et
1646 839 1762 897 pro
1795 828 2076 896 tempore
2103 821 2222 879 exi·

590 900 804 960 stentis
842 896 1252 973 Portugalliae,
1289 904 1352 955 et
1387 893 1818 971 Algarbiorum
1858 896 2038 972 Regis
2075 916 2222 956 con·

522 998 537 1012 ·
588 974 757 1049 silio,
792 985 853 1035 et
895 994 1177 1047 assensu,
1231 993 1302 1033 ae
1346 973 1572 1049 praevia
1611 970 1824 1033 earum
1847 1017 1864 1045 ‚
1903 985 1967 1032 et
2006 992 2225 1034 eorum

478 1120 493 1135 „
588 1072 859 1130 congrua
883 1052 1220 1128 respective
1239 1050 1558 1110 dotatione
1573 1094 1592 1121 ‚
1615 1050 2075 1127 quamprimum
2093 1050 2227 1111 fieri

586 1132 855 1209 poterit,
898 1128 1234 1205 respective
1273 1129 1549 1205 erigant,
1589 1138 1654 1187 et
1683 1129 2048 1203 instituant3
2085 1148 2224 1189 nec·

590 1229 718 1269 non
750 1205 1161 1285 Episcopalem
1193 1204 1681 1283 iurisdictionem
1699 1250 1718 1277 ‚
1751 1203 2225 1279 authoritatem,

588 1296 657 1346 et
695 1294 1057 1363 potestatem
1099 1290 1377 1343 exercere
1397 1320 1417 1357 ,
1457 1282 1821 1358 omniaque,
1859 1291 1922 1341 et
1944 1280 2226 1358 singula,

680 1382 729 1423 ε
771 1361 1057 1435 Ordinis,
1096 1380 1355 1437 quaeque
1403 1356 1838 1437 jurisdictionis
1861 1403 1874 1424 .
1917 1368 1983 1417 et
2023 1364 2226 1437 cuius·

620 1439 748 1500 ibet
786 1438 1037 1499 alterins
1078 1438 1348 1498 muneris
1395 1433 1764 1513 Episcopalis
1794 1445 1938 1495 sunt
1957 1480 1976 1509 ,
2003 1445 2069 1494 et
2095 1455 2230 1513 quae

590 1516 696 1578 alii
726 1528 851 1576 tam
876 1519 939 1575 in
971 1512 1385 1591 Portugalliae‚
1419 1523 1483 1574 et
1504 1510 1935 1587 Algarbiorum
1969 1515 2231 1589 Reginis,

589 1605 657 1654 et
689 1594 1018 1666 Dominiis,
1060 1612 1250 1669 quam
1304 1589 1451 1651 alibi
1497 1589 1871 1683 ubicumque
1901 1590 2235 1651 constituti

589 1671 871 1749 Episcopi
912 1671 979 1728 in
1012 1670 1137 1728 suis
1174 1664 1488 1739 Ecclesiis‘,
1531 1667 1932 1740 Civitatibus,
1963 1675 2030 1726 et
2067 1668 2232 1729 Dim-

510 1752 519 1761 ’
590 1746 831 1808 cesibus
883 1745 961 1806 de
1012 1750 1179 1823 jure,
1223 1743 1321 1805 vel
1383 1743 1860 1817 consuetudine,
1917 1753 2027 1803 aut
2081 1742 2238 1805 alias

590 1821 1060 1903 quomodolibet
1080 1842 1150 1881 ex
1174 1818 1506 1899 privilegiis
1525 1864 1539 1885 ‚
1575 1822 1782 1897 gratiis
1800 1866 1817 1894 ,
1843 1831 1904 1881 et
1927 1819 2202 1883 indultis
2211 1866 2235 1901 ,

590 1921 665 1962 nc
684 1898 1242 1978 dispensationibus
1259 1892 1620 1975 Apostolicis
1640 1944 1657 1970 ‚
1682 1916 1954 1976 quaecum
2005 1918 2086 1957 ne
2102 1898 2234 1959 fue·

593 1979 725 2041 rint
748 2025 767 2053 ‚
804 1978 989 2038 etiam
1022 1995 1136 2056 per
1166 1974 1410 2037 litteras
1437 1972 1806 2053 Apostolicas
1847 1976 1931 2036 eis
2013 1994 2239 2054 esuper

592 2057 995 2119 nominatim.
1032 2064 1094 2115 et
1133 2056 1199 2114 in
1237 2055 1434 2134 specie
1473 2071 1786 2114 concessas
1809 2051 2236 2127 authoritate,

592 2143 663 2195 et
699 2131 989 2194 facultate
1024 2130 1262 2192 suffulti
1281 2177 1298 2208 ,
1343 2130 1543 2191 faeere
1561 2173 1579 2203 ,
1615 2127 1698 2190 et*
1736 2128 1962 2207 quibus
2001 2129 2100 2189 uti
2140 2149 2235 2190 so·

490 2280 495 2286 ,
594 2210 762 2284 lent,
798 2220 862 2272 et
903 2219 1159 2287 possunt
1182 2251 1197 2274 ‚
1231 2207 1650 2287 pariformiter
1677 2225 1847 2284 aeque
1873 2206 2236 2283 principali.

595 2299 696 2350 ter
712 2333 730 2363 ,
761 2298 825 2349 et
848 2286 1081 2364 absque
1116 2284 1246 2346 ulla
1275 2301 1528 2366 prorsus
1553 2283 1900 2344 differentia
1916 2327 1934 2358 ‚
1973 2283 2240 2358 perinde

596 2387 669 2426 ac
706 2367 757 2426 si
795 2363 911 2426 sibi
952 2383 1200 2441 quoque
1231 2361 1628 2434 nominatim,
1657 2371 1718 2420 et
1757 2361 1822 2420 in
1866 2361 2066 2437 specie
2089 2379 2240 2421 con·

594 2461 760 2578 ἕπε
774 2451 907 2576 πεῖ
946 2459 1225 2593 ἳε;“““
1281 2437 2238 2575 ffflztnfissffiaffiffl

913 2557 931 2580 9
1720 2558 1738 2587 2

594 2593 950 2674 requirant,
984 2603 1049 2651 et
1086 2613 1158 2652 su
1247 2589 1521 2668 generali
1545 2592 1929 2652 concessione
1975 2609 2102 2650 non
2129 2611 2236 2652 ve·

594 2672 805 2741 uiant,
827 2670 893 2728 in
916 2668 1041 2727 suis
1058 2668 1394 2744 respective
1411 2668 1780 2729 Dioecesibus
1800 2667 2005 2728 Sancti
2031 2667 2238 2742 Pauli,

594 2758 662 2808 et
675 2745 1092 2826 'mariannem
1112 2744 1312 2804 faeere
1329 2787 1346 2814 ,
1367 2765 1576 2821 gerere
1593 2789 1611 2819 ,
1635 2757 1698 2806 et
1713 2765 1994 2807 exercere
2020 2741 2238 2818 libere,

596 2836 661 2886 et
678 2822 843 2884 licite
866 2823 1101 2900 possint
1116 2867 1135 2895 ‚
1166 2832 1230 2881 et
1247 2819 1546 2900 debeant3
1569 2843 1640 2882 ac
1666 2843 1782 2901 pro
1805 2832 2084 2899 tempore
2113 2823 2235 2882 exi-

592 2903 783 2964 stenti
795 2899 1268 2977 Archiepiscopo
1293 2903 1353 2960 S.
1371 2898 1702 2962 Salvator-is
1715 2905 1856 2979 fure
1881 2897 2234 2975 Metropoli-

594 2982 741 3052 fico,
756 2987 946 3058 prout
960 2987 1106 3038 ante
1120 2977 1509 3050 divisionem,
1526 2987 1588 3037 et
1599 2976 2070 3054 assignationem
2091 2996 2240 3051 prae·

594 3059 753 3119 tatas
789 3056 1070 3117 Dioecesis
1093 3054 1349 3132 praefata
1375 3053 1672 3114 Fluminis
1714 3054 1990 3113 'aunarii
2016 3055 2234 3113 existe-

594 3133 731 3206 bat,
749 3134 1083 3212 respective
1094 3132 1357 3200 subsint,
1377 3151 1515 3192 cum
1529 3129 1679 3192 Sede
1693 3175 1710 3204 ,
1724 3135 1930 3191 Mensa
1945 3174 1964 3204 ,
1980 3127 2238 3206 aliisque

593 3213 879 3288 Insigniis
912 3208 1397 3287 Episcopalibus,
1425 3229 1536 3269 nec
1575 3228 1698 3268 non
1723 3208 2236 3284 praeeminentiis.

594 3286 937 3349 honoribus
952 3331 969 3360 ‚
993 3285 1326 3364 privilegiis
1347 3327 1363 3351 ,
1387 3283 1911 3356 immunitatibus,
1937 3293 2002 3344 et
2065 3285 2239 3344 ratiis

594 3361 1041 3439 spiritualibus,
1101 3373 1164 3423 et
1223 3361 1662 3440 temporalibus
1685 3407 1702 3433 ,
1769 3379 1992 3439 person
2062 3360 2198 3421 ibus
2217 3403 2236 3430 ,

596 3438 863 3504 tealibus
885 3485 903 3518 ,
944 3448 1011 3502 et
1041 3441 1246 3504 mixtis
1260 3485 1280 3518 ,
1315 3437 1544 3520 quibus
1567 3447 1798 3502 caeterae
1833 3436 2238 3502 cathedrales
