2400 3996
791 191 1236 261 BULLARmM.
1742 200 1822 286 69

201 302 384 364 cultas
425 321 549 362 non
575 299 1017 375 intercederet,
1057 301 1138 360 ob
1178 321 1313 362 eam
1344 321 1620 376 causam,
1654 308 1819 382 quod
1876 319 1929 370 A
1952 335 1981 369 ιι
2006 336 2032 368 ιε
2058 311 2118 370 α’

201 379 610 455 Indulgentias
635 379 909 454 ipsorum
937 376 1217 438 Ecclesiis
1244 397 1555 439 concessas
1591 379 1818 442 lucrari
1912 385 2063 456 1746.

201 454 449 533 populus
485 456 744 514 minime
782 465 1020 530 posset,
1067 450 1220 531 nisi,
1270 475 1413 516 cum
1454 455 1533 516 ad
1576 458 1817 520 easdem
1838 469 1979 538 quod
2030 484 2125 536 pro

203 532 480 592 Ecclesias
507 530 859 600 accederet,
900 533 1184 592 Divinam
1227 533 1673 594 Eucharistiam
1706 555 1815 612 pu·
1838 535 2086 586 omnibus

203 608 344 668 blice
377 609 714 685 expositam
741 607 1026 667 adoraret
1059 629 1078 666 e
1125 613 1343 686 Itaque
1367 609 1713 670 Cardinalis
1742 612 1819 672 de
1840 601 2121 680 lefllssenv

207 687 354 760 Bissy
386 687 453 746 in
479 684 746 757 Bit-nali,
786 683 954 761 quod
989 687 1267 762 superius
1312 688 1769 748 nominavimus
1796 731 1815 762 ,
1841 675 1931 721 ¹¹¹⁸
2001 669 2087 748 lu-

205 763 437 844 inanenfi
472 781 724 848 prorsus
750 763 1022 845 ipsorum
1053 763 1406 837 opinionem
1432 763 1812 846 demonstra·
1838 735 2061 844 ‘'⁸³3³'‘-

209 839 322 918 νῆ’,
349 859 422 898 eo
469 837 641 922 quod.
687 839 752 896 in
789 837 910 897 iuis
950 837 1379 914 Indulgentiis.
1406 841 1815 903 concedendis
1838 818 2116 933 {33⁰390,

213 915 492 975 indictum
537 934 663 973 non
696 913 931 986 fuerat,
957 924 1030 973 ut
1061 913 1298 977 Fideles
1339 936 1454 993 pro
1484 917 1813 994 Ind'ulgen·
1834 934 1963 987 ,itio
2002 935 2091 984 ss.

211 993 294 1051 tiis
344 989 655 1052 lucrandis
717 1001 864 1052 ante
900 993 1362 1052 Sacramentum
1420 993 1816 1062 Eucharistiae
1874 1003 2049 1060 Socra,

210 1067 431 1146 publice
468 1068 808 1144 expositum
840 1087 1050 1144 preces
1105 1067 1514 1130 effunderent.
1836 1069 2023 1125 menti.

273 1149 449 1206 Porro
478 1145 544 1203 id
581 1147 918 1204 necessario
951 1145 1291 1220 requiritur
1324 1145 1405 1204 ad
1442 1147 1814 1223 consequen·
1900 1148 2121 1216 Quwdo

212 1219 304 1288 das
337 1242 434 1290 eas
472 1219 890 1296 Indulgentias
914 1265 932 1294 ,
970 1241 1103 1298 quae
1133 1221 1451 1282 ‘Fidelibus
1488 1225 1817 1283 ‘conferun-
1839 1210 2097 1296 expfflflfio

214 1306 302 1356 tur
329 1343 345 1368 ,
389 1300 498 1375 qui
559 1302 754 1356 Deum
803 1307 1138 1374 precantur
1193 1300 1258 1357 in
1312 1297 1432 1357 illis
1492 1298 1817 1372 Ecclesiis2,
1844 1302 2097 1352 ''apum''

210 1373 302 1432 ubi
327 1377 545 1437 Divina
563 1377 898 1448 Mysterias
937 1375 1066 1433 atio
1089 1375 1388 1434 continuo
1417 1374 1823 1452 quadraginta

212 1449 483 1511 horarum
523 1453 794 1526 exposita
821 1395 1068 1528 pffissice
1103 1461 1289 1528 sunt}
1324 1454 1553 1511 etenim
1582 1452 1645 1511 id
1682 1473 1823 1512 om·-

213 1529 342 1588 niuo
373 1529 728 1604 praecipitur
745 1529 810 1586 in
827 1528 950 1588 'hac
972 1527 1364 1604 Indulgentia
1392 1527 1820 1604 concedenda,
1842 1569 1859 1580 ,

213 1623 328 1678 quae
365 1626 401 1664 a
451 1605 864 1682 quadraginta
894 1605 1062 1664 hor-is
1109 1606 1417 1665 continuis
1458 1625 1686 1666 nomen
1720 1627 1816 1667 ac-

212 1683 370 1758 cepit.
401 1680 699 1760 Equidem
732 1683 954 1742 veteris
995 1680 1331 1759 disciplinae
1376 1685 1703 1743 severitate
1726 1705 1816 1743 re-

210 1761 365 1818 missa
384 1804 401 1831 ,
446 1777 613 1818 nunc
670 1758 922 1818 easdem
971 1755 1389 1836 Indulgentias
1430 1760 1685 1820 concedi
1721 1763 1817 1821 in·

209 1833 483 1911 telligitur
500 1877 517 1905 ‚
543 1835 782 1909 etiamsi
807 1839 1271 1896 Sacramentum
1290 1835 1685 1897 Eucharistiae
1709 1858 1821 1916 per

210 1909 372 1971 horas
443 1911 852 1988 quadraginta
911 1913 1265 1972 continuas
1303 1915 1675 1988 gravissimis
1744 1915 1821 1974 de

209 1991 380 2049 causis
405 1990 656 2049 minime
683 2000 951 2068 prostet,
989 1990 1174 2053 modo
1209 2001 1413 2051 tamen
1450 1989 1622 2051 horis
1644 1989 1823 2051 diur-

209 2067 289 2125 nis
326 2086 561 2144 semper
603 2070 942 2143 expositum
983 2065 1231 2145 publice
1274 2068 1685 2143 relinquatur.
1733 2074 1821 2127 De

209 2140 306 2202 hac
329 2165 408 2203 re·
430 2143 612 2220 plura
652 2143 882 2216 tradita
912 2156 1058 2205 sunt
1086 2148 1157 2205 in'
1189 2144 1373 2204 Libro
1400 2146 1595 2203 Patris
1622 2144 1819 2204 Theo-

211 2218 327 2279 dori
363 2242 396 2280 a
438 2222 927 2298 Spiritufiancto'
959 2220 1305 2282 Carmelitae
1334 2219 1683 2279 discalceati
1713 2220 1817 2277 ad-

213 2294 314 2355 huc
347 2299 724 2376 superstitis,
770 2298 880 2375 qui
921 2300 1086 2357 inter
1111 2294 1509 2356 consultores
1550 2298 1817 2369 Congre-

213 2375 444 2451 gationis
475 2373 1012 2450 Indulgentiarur'n
1051 2373 1535 2443 adnumeratur,
1570 2376 1722 2428 lom.
1760 2390 1816 2427 2.

212 2464 324 2524 cap.
355 2450 418 2509 2:
452 2463 567 2509 art.
612 2451 672 2509 3.
715 2450 856 2529 §.·2.
908 2456 1341 2527 Ipsequoque
1382 2456 1822 2509 commemorat

213 2526 264 2583 in
301 2528 503 2587 eadem
554 2527 1039 2604 Congregationa
1072 2526 1455 2603 propositum
1506 2544 1576 2583 ac
1630 2524 1814 2587 disce-

212 2606 427 2675 ptatum
469 2605 690 2682 fuisse,
725 2608 938 2663 utrum
979 2600 1335 2679 abroganda
1380 2601 1691 2663 videretur
1722 2605 1815 2663 in·

214 2678 374 2739 ducta
406 2684 554 2757 ‘jam
610 2672 994 2743 ”consuetudo
1017 2725 1035 2751 ,
1107 2681 1188 2739 ob
1249 2686 1433 2758 qu'am
1482 2677 1819 2757 peculiares

215 2757 463 2831 quaedam
499 2756 909 2833 'Indulgentiae
935 2757 1202 2817 'concedi
1242 2756 1445 2829 solent
1468 2800 1485 2829 ,
1530 2778 1670 2816 cum
1714 2759 1814 2815 Di·

217 2834 336 2892 vina
375 2837 670 2909 Mysteria·
703 2836 932 2897 minori
978 2854 1203 2913 pompa
1248 2834 1313 2893 in
1361 2832 1637 2907 Ecclesiis
1672 2834 1816 2893 ado·

214 2910 382 2969 randa
426 2921 866 2988 proponuntur
889 2956 906 2985 ,
949 2916 1428 2988 responsumque
1468 2911 1696 2982 fuisse,
1724 2912 1815 2970 ni-

213 2982 291 3043 hil
309 2991 453 3047 certi
477 2989 665 3067 statui
691 3000 1010 3065 oportere,
1047 3010 1188 3047 cum
1220 3009 1257 3047 a
1296 2988 1548 3061 diversis
1574 3005 1815 3059 rerum,

213 3080 270 3120 ac
289 3073 627 3140 temporum
653 3066 1123 3127 circumstantiis
1143 3062 1208 3125 id
1242 3066 1495 3128 omnino
1520 3064 1815 3141 pendeat,
1894 3138 1902 3147 ‚
1990 3104 1995 3113 -

211 3157 270 3197 ac
301 3140 756 3217 dijudicandum
801 3144 900 3203 sit.
975 3154 980 3160 ⁴
1746 3180 1783 3215 -·
2080 3200 2084 3205 .

275 3220 570 3278 Hactenus
613 3218 690 3278 de
748 3218 995 3280 illorum
1057 3226 1303 3291 errore,
1347 3219 1453 3295 qui
1496 3236 1559 3275 se
1606 3236 1814 3277 carere
1838 3224 1913 3277 De
1940 3241 2117 3285 secum

210 3291 590 3370 Indulgentiis
609 3306 833 3372 putant
851 3318 875 3365 ‚·
906 3298 1020 3357 nisi
1043 3296 1436 3355 Eucharistiae
1464 3292 1809 3353 Sacramen-
1835 3290 1904 3343 do
1940 3300 2114 3365 posta,

210 3376 328 3427 tum
357 3383 590 3447 prestet
622 3374 686 3432 in
725 3372 988 3433 Ecclesia
1018 3418 1035 3447 ,
1072 3372 1214 3432 licet
1252 3376 1420 3432 inter.
1448 3389 1631 3446 opera
1664 3390 1815 3446 prae-
1837 3360 1963 3411 ¹⁸t0·

206 3447 412 3523 ‚scripta
433 3448 495 3508 id
513 3450 761 3512 minime
774 3456 1182 3527 recenseatur,
1200 3468 1367 3510 nnnc
1384 3446 1459 3509 ad
1474 3446 1613 3522 alia,
1632 3468 1763 3523 quae
1780 3470 1817 3519 a

1844 1355 1947 1403 tur.
