2400 3996
608 137 727 202 140
806 209 811 215 ⁴
1126 129 1516 208 Bsuamcn
1559 126 1738 200 XIV.

332 250 371 303 Ρ
392 271 425 304 o
444 271 475 306 ιι
496 269 543 307 τ.
600 241 899 312 tionibus,
922 252 987 302 et
998 238 1290 304 clausulis
1307 241 1370 300 in
1389 240 1662 316 ipsismet
1679 233 2202 316 resignationibus
2222 279 2242 315 ,

356 328 421 372 A.
443 315 532 374 Vl·
598 340 717 384 seu.
753 317 1157 391 cessionibus,
1218 328 1328 378 aut
1381 322 1858 378 Procuratorum
1911 321 2242 380 Constitu·-

600 395 871 458 tionibus
908 406 972 456 et
1013 393 1356 466 mandatis,
1397 413 1469 453 ac
1517 392 1668 454 alias
1713 395 1900 453 etiam
1948 393 2028 454 ad
2073 414 2238 471 prae·

596 473 1003 532 servationem
1034 491 1289 532 suorum
1311 471 1540 546 jurium
1557 515 1576 544 ‚
1603 480 1664 530 et
1684 463 2198 545 significationem
2217 509 2238 544 ,

595 546 761 625 quod
788 569 915 608 non
946 545 1163 620 aliter,
1198 566 1313 609 nec
1349 544 1474 604 alio
1511 545 1698 606 modo
1731 547 2044 620 resignant
2067 591 2084 618 ‚
2117 567 2240 608 seu

592 624 855 697 cedunt,
878 625 1167 699 appositis
1184 668 1200 694 ‚
1241 621 1648 698 omnibusque
1685 632 1750 684 et
1775 621 2025 698 singulis
2047 621 2194 684 aliis
2209 663 2235 692 ,

592 719 727 778 quae
766 701 929 762 idem
960 699 1294 776 Gregorius
1315 699 1721 760 Praedecessor
1745 700 1809 757 in
1834 697 2026 758 relata
2061 703 2235 760 Con·
2331 770 2342 780 .

589 779 913 838 stitutione
944 775 1142 838 voluit
1184 795 1316 834 non
1351 773 1644 851 obstan-«23
1681 777 1944 835 Datariae
1981 794 2239 853 quoque

589 853 800 914 usibus
832 895 849 926 ‚
892 850 1045 912 stilis
1064 893 1081 927 ‚
1140 849 1522 925 talei-antiis,
1575 849 2112 928 permissionibus,
2161 862 2236 913 et

586 928 1129 992 consuetudinibus
1154 929 1338 994 etiam
1364 927 1676 988 diuturnis
1692 972 1708 1001 ‚
1735 939 1798 987 et
1823 929 2200 988 inveteratis
2215 969 2236 1002 ,

585 1007 652 1072 in
701 1007 1076 1069 eontrarium
1125 1005 1576 1081 praemissorum
1619 1003 2084 1081 quomodolibet
2133 1004 2232 1066 fa·

584 1082 889 1143 cientibus
915 1079 1016 1144 vel
1037 1079 1389 1144 extantibus
1408 1103 1427 1157 ς
1445 1079 1682 1156 Quibus
1701 1080 1988 1150 omnibus
2016 1091 2081 1140 et
2096 1082 2232 1142 sin·

582 1157 741 1234 gulis
760 1204 777 1233 ,
801 1156 1354 1220 illorumomuium
1387 1166 1452 1219 et
1483 1155 1860 1232 singulorum
1896 1155 2234 1232 qualitates

582 1235 987 1311 praesentibus
1020 1254 1135 1310 pro
1166 1226 1536 1294 sufficienter
1571 1234 1862 1310 expressis
1885 1232 2228 1308 habentem

574 1322 889 1387 ,quatenus
966 1310 1208 1372 eisdem.
1265 1308 1664 1386 praesentibus
1733 1310 2151 1371 adversantur
2205 1351 2226 1384 ‚

580 1386 927 1462 specialiter
967 1397 1033 1448 et
1057 1405 1343 1462 expresse
1366 1425 1383 1460 ,
1425 1395 1596 1448 motu
1621 1430 1638 1457 ‚
1677 1387 1934 1448 seientia
1957 1431 1976 1460 ‚
2015 1396 2082 1446 et
2113 1405 2224 1462 po·

582 1465 818 1525 testatis
848 1462 1236 1540 plenitudine
1272 1461 1524 1538 paribus
1550 1507 1568 1534 ‚
1596 1461 1960 1538 derogamus
1979 1507 1997 1537 ‚
2037 1470 2222 1523 eaete-

582 1540 789 1621 risque
834 1540 1160 1602 contrariis
1198 1538 1710 1615 quibuscumque.

311 1716 550 1788 1njungst
586 1671 593 1683 ⁵
656 1693 965 1753 Caeterum
1006 1683 1233 1752 dilecto
1251 1679 1408 1752 Filio
1429 1685 1716 1768 Magistro
1733 1687 1954 1751 Joanni
1981 1683 2222 1759 Jacobo

278 1787 557 1845 nunaut
581 1766 748 1829 Mino
772 1769 1024 1834 Datario
1058 1772 1284 1847 Nostro
1312 1811 1329 1840 ‚
1363 1774 1616 1846 ejusque
1639 1769 1704 1827 in
1745 1765 1961 1840 Officio
2003 1765 2216 1844 hujus-

277 1855 395 1906 aliis
458 1854 523 1904 ad
579 1839 745 1904 modi
798 1844 1252 1920 successoribus
1291 1845 1354 1904 in
1401 1854 1767 1920 perpetuum
1796 1889 1812 1916 ,
1853 1841 2218 1918 caeterisque

277 1931 405 1988 quos
443 1937 551 1988 spe.
578 1921 847 1998 eiusdem
904 1921 1165 1982 Datariae
1205 1925 1438 1982 Nostrae
1479 1919 1892 1992 officialibus,
1935 1919 2016 1980 ad
2059 1935 2217 1997 quos

221 1995 417 2077 ,cmo
463 1997 521 2037 αῖ
575 2004 809 2075 spectat
833 2045 850 2072 ‚
894 2000 959 2059 e‘t
998 2014 1113 2076 pro
1155 2010 1434 2074 tempore
1459 1995 1768 2073 spectabit
1791 1998 1856 2056 in
1887 1995 2212 2068 futurum,

276 2053 504 2133 {ffraeson-
574 2076 844 2151 ipsarum
864 2084 1079 2135 tenore
1102 2076 1491 2151 praesentium
1513 2076 1887 2151 iniungimus
1905 2119 1922 2146 ‚
1949 2082 2013 2132 et
2033 2094 2209 2133 man·

275 2128 411 2172 “um
463 2124 551 2172 ⁰b'
573 2152 789 2212 damus
820 2196 837 2223 ‚
888 2164 960 2213 ut
1013 2152 1170 2213 banc
1216 2152 1502 2230 praecepti
1535 2152 1760 2215 ‚Nostri
1827 2150 2088 2209 formam
2144 2160 2212 2209 et

272 2204 549 2305 ῗῗὶῐζιῗῇη,
574 2225 933 2289 methodum
969 2249 1005 2288 a
1039 2227 1226 2289 Nobis
1263 2230 1676 2303 praescriptam
1703 2246 1826 2304 prae
1866 2224 2062 2285 oculis
2100 2224 2210 2286 has

272 2329 446 2383 genter
462 2338 553 2371 cu..
570 2302 787 2365 bentes
814 2347 830 2375 ,
866 2324 1001 2365 eam
1039 2324 1155 2383 pro
1178 2302 1343 2365 virili
1372 2314 1550 2379 parte
1587 2301 1812 2378 singuli
1837 2303 2211 2363 adamussim

274 2394 406 2436 rent.
568 2380 936 2453 observent,
976 2392 1039 2439 et
1076 2381 1157 2440 ab
1197 2378 1331 2439 aliis
1371 2380 1741 2439 exactissime
1771 2379 2084 2438 observari
2117 2378 2206 2437 fa-

568 2456 735 2513 ‘eiant
766 2474 784 2530 3
821 2456 1091 2531 poenales
1135 2476 1381 2532 quoque
1415 2457 1759 2516 sanctiones
1807 2459 2055 2515 Nostras
2093 2452 2202 2513 ad-

569 2548 778 2590 versus
802 2535 1045 2591 temere·
1072 2532 1607 2593 contravenientes
1637 2531 2024 2609 exequutioni
2055 2550 2204 2589 eum

568 2604 788 2665 effectu
836 2607 1233 2699 demandent.

321 2757 529 2811 Sanctio
576 2769 585 2781 ³
616 2754 808 2819 'Nulli
849 2778 995 2835 ergo
1033 2758 1290 2821 omnino
1322 2758 1645 2821 hominum
1685 2758 1862 2820 liceat
1899 2748 2062 2816 hane
2087 2774 2194 2833 pa·

564 2833 769 2907 ginam
824 2838 1055 2896 Nostrae
1110 2837 1638 2906 confirmationis,
1689 2833 2154 2912 approbationis
2177 2876 2196 2904 ‚

565 2910 1017 2983 innovationi33
1052 2912 1440 2974 inhibitionis
1463 2957 1480 2986 ‚
1531 2912 1932 2983 irritationis,
1969 2906 2194 2969 annul-

562 2982 854 3061 lationi-²53
898 2987 1276 3063 voluntatis,
1323 2990 1656 3068 praecepti,
1702 2988 1973 3054 decreti,
2019 3004 2192 3044 man-

560 3062 691 3123 dati
720 3108 740 3136 ,
778 3074 849 3123 et
896 3064 1307 3141 derogationis
1362 3067 1735 3141 infringere,
1779 3062 1881 3125 vel
1930 3063 1986 3121 ei
2039 3074 2194 3120 ausu

560 3136 888 3199 temerario
925 3145 1258 3201 contraire.
1297 3145 1372 3203 Si-
1402 3144 1538 3220 quis
1578 3150 1783 3201 autem
1824 3139 1942 3199 hoc
1989 3148 2190 3196 atten-

557 3224 693 3303 tare
734 3221 1185 3295 praesumpserit
1211 3264 1228 3291 ‚
1273 3220 1760 3294 indignationem
1787 3215 1971 3277 Omni
2017 3224 2188 3273 oten-

446 3330 473 3369 .·
558 3292 773 3356 tisDei
792 3304 901 3365 ,-·et
930 3299 1260 3355 Beatam-m
1289 3297 1450 3356 Petri
1471 3304 1536 3355 et
1559 3292 1730 3355 Pauli
1756 3297 1984 3370 aposto
2009 3309 2190 3351 orum

559 3372 613 3444 ej
622 3386 689 3428 us
710 3387 776 3431 se
794 3372 1041 3435 noverit
1071 3372 1487 3436 incursurum.

777 3514 797 3544 Ι
