2400 3996
667 167 670 176 '
719 172 1168 238 Romanum.
1195 149 1200 154 ’
1232 179 1241 186 ’
1666 177 1785 264 147

113 283 462 344 heroicum
497 279 677 341 illum
713 292 922 341 actum
953 281 1225 360 expleret
1248 326 1265 355 ‚
1308 301 1433 362 quo
1468 288 1613 344 saiie
1651 293 1787 346 ‘ma-
1842 295 2054 358 Anno
2091 355 2101 364 ,

113 366 332 436 iorem
378 376 566 418 nemo
611 368 906 446 praestat‚
951 370 1025 434 ut
1067 361 1338 419 animam
1381 381 1554 419 suam
1596 382 1785 438 poue-

121 445 228 495 ret
259 457 386 512 pro
421 436 530 496 Dei
549 431 744 510 gloria
762 481 777 506 ‚
805 445 870 494 et
895 439 1317 512 proximorum
1339 435 1789 513 salute-‚Quum

121 515 369 572 etenim
413 511 520 570 fel.
561 511 869 570 recordat.
903 513 1381 572 Praedecessores
1416 517 1622 572 Nostri
1667 519 1785 574 Ro·
1852 501 1862 512 ⁹

125 592 310 648 mani
347 588 674 648 Pontifices
697 586 918 648 Paulus
951 592 1030 648 V.
1065 599 1130 648 et
1154 591 1487 664 Gregorius
1516 595 1653 652 XV.
1680 581 1787 650 de-

127 667 518 738 crevissent,
579 665 876 739 grassanti
921 685 1034 740 per
1097 667 1547 724 conterminam
1596 663 1793 728 Italiae

127 741 448 801 Rhaetiam
502 743 944 800 Haereticorum
980 741 1341 816 dogmatum
1392 744 1789 818 contagioni,

129 837 250 894 pes
301 815 687 878 Orthodoim
719 817 1018 876 doctrinae
1050 818 1551 895 praedicationem
1570 864 1587 892 ,
1627 817 1786 879 salu-

135 892 684 956 tanin-admovere
717 893 985 954 remedia
1007 937 1024 966 ‚
1055 905 1120 953 et
1148 893 1423 955 validum
1457 893 1640 954 simul
1683 915 1787 972 ag·
1840 884 1845 889 ¹

137 990 348 1046 get-em
375 1016 394 1044 ‚
440 988 521 1030 ne
561 968 746 1030 latius
769 991 943 1029 error
966 973 1409 1046 ‘propagaretur
1429 1017 1447 1045 ‚
1482 970 1789 1049 objicere3

139 1053 343 1108 visum
364 1058 458 1106 est
483 1067 554 1106 ex
571 1049 1100 1124 Cappucoinorum
1121 1049 1507 1124 potissimum
1529 1048 1791 1108 Familia

140 1121 418 1182 delectos
443 1126 628 1182 'Viros
650 1169 666 1196 ‚
692 1127 821 1259 igso
842 1125 1098 1199 praeside
1115 1168 1131 1195 ‚
1161 1145 1235 1183 ac
1260 1124 1415 1183 duee
1449 1129 1691 1194 Finem,
1709 1120 1802 1184 ἶιι.

145 1198 680 1277 hujusm‘odiopus
753 1201 1059 1275 esignnoe,
1089 1203 1192 1277 qui
1223 1203 1459 1259 animas
1482 1197 1787 1260 diabolica

145 1275 364 1336 fraude
403 1275 689 1354 deceptas
709 1276 792 1336 ad
820 1275 1097 1336 Ecclesiae
1125 1279 1426 1358 gremium
1458 1295 1785 1349 revocare,

147 1371 246 1411 eas
295 1371 488 1423 vero,
541 1371 676 1428 quae
725 1355 835 1412 Dei
897 1353 1198 1411 beneficio
1232 1371 1269 1410 a
1308 1351 1599 1428 pestifera
1643 1350 1787 1411 labe
1856 1411 1865 1418 ,

149 1428 352 1488 adhuc
391 1429 804 1490 servabantur
840 1431 1086 1488 intactae
1105 1475 1128 1501 ‚.
1161 1430 1226 1487 in
1268 1440 1492 1489 sanctae
1514 1425 1783 1504 Religio-

151 1507 240 1564 nis
261 1503 433 1566 ‘Fide
466 1523 829 1565 conservare
872 1506 1243 1566 niterentur.

223 1582 334 1641 Hie
357 1600 526 1642 vero
574 1580 814 1640 excelsa
852 1581 1088 1642 Finzms
1125 1583 1325 1644 virtus
1352 1625 1369 1652 ‚
1414 1601 1550 1659 quae
1604 1567 1799 1642 antea⁸
1855 1643 1860 1648 ,

153 1655 318 1718 velut
357 1658 632 1734 angustis
675 1655 960 1717 conclusa
1011 1658 1314 1718 limitibus
1358 1662 1423 1716 se
1464 1660 1793 1718 continue«

154 1745 274 1807 rat,
309 1745 441 1793 tam
533 1755 633 1794 am
671 1733 966 1794 latissimo
997 1735 1114 1795 sibi
1155 1739 1386 1812 aperto·
1412 1735 1491 1794 ad
1532 1755 1785 1795 curren·

153 1810 298 1870 dum
339 1821 436 1870 sta
483 1813 546 1870 io
575 1856 591 1883 ‚
633 1821 827 1870 totam
870 1811 933 1870 se
983 1816 1282 1884 exseruit,
1336 1821 1399 1870 et
1440 1809 1790 1888 plenissime

155 1888 590 1948 manifestavit.
627 1891 750 1947 Nee
791 1890 955 1947 enim
1001 1891 1241 1966 assequi
1280 1887 1544 1948 dicendo
1576 1907 1787 1964 possu-

157 1983 286 2025 mus
311 2010 327 2037 ‚
363 1985 491 2042 quo
523 1963 712 2024 anirni
733 1963 1013 2039 fervore,
1054 1985 1124 2025 ae
1153 1963 1315 2040 zelo,
1343 1984 1528 2041 quam
1558 1967 1791 2033 invicta

155 2044 446 2116 patientia
469 2088 485 2112 ‚
519 2051 706 2125 atque
737 2044 1078 2103 constantia
1103 2088 1120 2115 ‚
1161 2064 1347 2120 quam
1386 2042 1641 2102 assiduis
1675 2043 1789 2103 du-

156 2120 355 2195 risque
393 2117 744 2191 laboribus,
781 2119 1134 2195 impositum
1173 2120 1289 2179 sibi
1334 2139 1559 2177 munus
1604 2119 1793 2179 fuerit
1858 2174 1865 2181 .

159 2206 493 2270 exemtus3
557 2214 720 2253 nuuc
779 2204 1014 2254 stantes
1069 2196 1134 2253 in
1193 2193 1315 2253 fide
1373 2194 1791 2267 confirmans,

161 2290 320 2330 nunc
383 2270 750 2331 nutantibus
816 2282 1182 2348 opportune·
1230 2289 1631 2339 succurrens,
1690 2268 1795 2327 hio

161 2344 352 2423 lapsos
390 2348 470 2407 ad
505 2349 933 2424 poenitentiam
971 2347 1302 2420 revocans,
1347 2344 1473 2405 illic
1502 2344 1791 2405 obfirma-

162 2432 250 2483 tos
285 2426 348 2484 in
401 2427 718 2511 impietate
754 2426 895 2483 curn
937 2425 1110 2483 omni
1151 2421 1395 2483 fiducia
1420 2424 1743 2499 increpans
1771 2468 1793 2499 ‚
1864 2420 1869 2426 ”

164 2509 220 2557 et
279 2502 648 2578 impugnans
682 2546 697 2572 ‚
765 2520 894 2561 non
956 2500 1143 2560 modo
1195 2498 1797 2560 ini‘catholicorum

167 2575 435 2637 Ecclesiis
454 2623 471 2650 ‚
502 2578 609 2637 sed
640 2578 702 2635 in
731 2578 871 2653 ipsis
895 2596 1142 2656 quoque
1172 2574 1613 2649 Haereticorum
1631 2576 1795 2636 AEdi-

167 2649 270 2711 bus
290 2654 319 2728 ,'
363 2674 478 2731 per
530 2656 697 2715 vicos
749 2664 1076 2731 primm-ea,
1134 2666 1326 2732 atque‘
1370 2652 1641 2731 plateam,
1682 2674 1797 2731 per

167 2727 372 2790 domos
399 2776 416 2805 ,
468 2742 531 2791 et
583 2732 896 2791 rusticana
953 2734 1237 2807 tuguria,
1298 2752 1409 2809 per
1473 2751 1689 2807 aspera
1734 2741 1799 2791 et

169 2804 322 2866 invia
365 2808 674 2867 montium
707 2850 722 2877 ,
757 2809 821 2879 in
857 2808 1082 2868 sudore
1121 2820 1186 2868 et
1223 2828 1451 2885 angore
1474 2830 1502 2880 ,·
1528 2808 1594 2866 in
1636 2806 1797 2866 fame

169 2890 226 2940 et
261 2884 492 2960 frigore
521 2894 586 2942 et
627 2884 938 2960 nuditate,
972 2886 1034 2944 in
1074 2883 1363 2961 periculis
1403 2894 1467 2942 et
1502 2884 1643 2945 vitae
1672 2882 1793 2942 dis-

169 2960 464 3036 crimine3
509 2962 596 3020 ita
647 2971 720 3019 ut
775 2960 1152 3027 admirabilis
1198 2958 1309 3019 zeli
1348 3006 1363 3034 ,
1406 2960 1745 3020 sanctitatis
1774 3004 1791 3032 ‚

168 3045 342 3112 atque
369 3036 672 3096 doetrinae·
697 3038 1118 3098 testimonium
1147 3036 1230 3095 ab
1262 3039 1401 3115 ipsis
1440 3038 1623 3097 etiam
1664 3046 1795 3095 stu·

167 3113 448 3185 pentibus
484 3116 798 3173 Hoereficis
837 3124 1251 3193 extorqueret.

233 3190 550 3251 Excitabat
589 3189 729 3250 eum
779 3190 856 3248 ad
902 3188 1227 3266 praeclaros
1261 3186 1658 3250 exantlandos
1700 3186 1795 3246 lae

167 3260 371 3347 bores,
415 3288 545 3327 non
587 3267 770 3326 modo
803 3268 1077 3351 suscepti·
1104 3266 1283 3327 officii
1310 3266 1687 3330 sublimitas,
1732 3275 1795 3324 et

169 3340 512 3403 uberrimus
549 3342 899 3403 animarum
943 3343 1212 3416 fructus»,
1248 3362 1429 3419 quem
1480 3343 1544 3400 in
1584 3339 1796 3399 multis

170 3421 776 3495 quotidie,nae1=eticis
799 3440 870 3480 ex
891 3422 1065 3481 omni
1107 3418 1593 3555 ordined'atque·
1616 3427 1795 3479 aetate

1424 3512 1462 3555 a

1882 366 2031 435 ¹746-

2148 402 2184 430 Ο
