2400 3996
641 248 646 253 ,
739 170 1182 241 BuLLAumm
1663 194 1787 266 299

139 301 400 365 prorsus
424 278 665 342 nullum
689 327 706 357 ‚
734 280 1085 359 nulliusque
1099 280 1343 343 roboris
1365 294 1473 345 aut
1494 284 1790 345 momenti
1846 298 1893 349 Α
1918 314 1947 347 1«
1972 312 2003 347 a
2026 311 2057 346 0

140 366 280 445 fore
317 362 644 420 statuimus
683 371 746 419 et
795 357 1194 421 declaramus.
1628 384 1663 439 j
1695 384 1701 389 ·
1864 361 2031 431 ’¹74⁶-

0 442 2 523 J
222 441 532 515 Quoniam
570 457 718 498 vero
749 440 1099 515 contingere
1127 448 1331 515 potest
1357 482 1373 511 ‚
1402 446 1593 514 prout
1618 444 1791 509 anteq
1813 446 2091 499 Methoduu

0 530 2 537 '
147 521 308 576 actis
329 515 711 593 temporibus
732 512 1054 591 aliquoties
1073 518 1333 591 contigit
1351 560 1367 586 ‚
1390 526 1461 574 ut
1483 520 1795 586 Romanus
1815 515 2071 566 servanda

144 614 270 671 pro
313 604 592 669 tempore
647 595 918 651 Pontifex
965 594 1271 671 praedictae
1315 582 2098 668 congregationiacpnsre·

149 672 308 731 Boni
354 671 686 745 Regiminis
725 668 1046 745 specialem
1087 670 1359 746 aliquam
1404 669 1789 729 commissi&
1848 656 2018 728 ’ΨΜ

149 770 297 807 nem
330 793 346 817 ‚
402 766 518 824 pro
561 745 766 823 aliqua
825 745 1089 823 generali
1144 748 1547 823 repartitione
1608 763 1795 820 super
1850 717 2093 833 -nffnilaoe‘

150 825 445 885 omnibus
478 824 1038 884 communitatibus
1060 826 1331 885 universi
1359 828 1562 884 Status
1588 822 1790 881 Eccle·
1814 802 2087 905 {gumiz-u

153 903 382 963 siastici
423 902 784 973 statuenda,
828 914 937 962 aut
974 922 1088 977 pro
1121 901 1241 961 alia
1274 904 1561 979 quapiam
1599 904 1791 961 OEeo-
1814 918 2051 970 sionibus

157 980 403 1039 uomica
455 980 804 1055 provisione
838 1024 854 1052 ,
901 979 1129 1055 dirigat
1185 992 1375 1056 atque
1418 976 1748 1038 demandet
1774 996 1792 1053 ς
1818 985 2051 1055 speciali·

159 1068 234 1117 ut
272 1058 334 1115 in
380 1076 556 1131 casu,
603 1067 665 1115 et
707 1054 946 1115 casib'us
991 1056 1345 1133 huiusmodi
1366 1097 1385 1127 ‚
1431 1056 1637 1115 omnia
1677 1056 1795 1115 rite
1820 1058 1933 1108 bus.

160 1156 231 1194 ac
265 1132 477 1193 debito
516 1134 748 1193 'ordine
787 1132 1166 1210 procedant3
1206 1154 1317 1211 per
1352 1133 1596 1192 easdem
1642 1152 1795 1207 prze-

160 1223 364 1271 sentes
395 1213 580 1269 etiam
619 1210 1002 1271 decernimus
1031 1220 1092 1269 et
1121 1210 1535 1278 declaramus,
1562 1208 1802 1268 licitum

163 1290 296 1348 fore
353 1289 660 1363 praedictoe
703 1290 1174 1364 congregationi
1225 1288 1374 1346 Boni
1428 1287 1799 1361 Regianum,

163 1364 450 1441 illiusque
476 1366 759 1425 Praefecto
778 1410 794 1439 ‚
840 1368 903 1425 in
939 1368 1066 1427 vim
1097 1363 1237 1425 talis
1261 1362 1589 1424 Pontificiae
1616 1367 1801 1423 Com-

163 1444 469 1503 missionis
517 1454 788 1503 statuere
827 1453 1078 1519 quotam
1107 1485 1125 1515 ‚
1182 1462 1290 1501 seu
1336 1441 1747 1521 quantitatem
1782 1480 1801 1513 ,

163 1540 282 1597 pro
327 1540 451 1597 qua
483 1521 716 1581 civitas
751 1522 1040 1579 Firmana
1061 1526 1088 1589 ,’
1112 1528 1188 1578 «et
1238 1521 1560 1580 universus
1594 1516 1799 1577 Comi·

165 1609 335 1657 tatus
378 1598 702 1674 praedictus
735 1643 750 1667 .,
793 1618 934 1656 cum
969 1598 1200 1675 emeris
1238 1594 1805 1657 communitatibus

167 1674 320 1734 dicti
361 1679 564 1735 Status
595 1674 992 1735 Ecclesiastici
1029 1692 1415 1751 concurrere
1449 1672 1800 1743 debebunt:

167 1753 290 1812 hoc
335 1762 544 1826 tamen
593 1758 930 1812 statuentes
965 1798 982 1823 .,
1032 1761 1106 1810 ut
1150 1752 1369 1811 divisio
1412 1762 1475 1811 et
1512 1748 1803 1811 distribu-

169 1830 262 1889 tio
287 1830 472 1907 ipsius
516 1840 751 1905 quotae,
788 1852 893 1889 seu
929 1830 1297 1907 quantitatis
1317 1850 1339 1903 ,·
1374 1824 1493 1887 ‘nec
1520 1848 1645 1887 non
1671 1846 1803 1887 exe*

171 1907 340 1967 cutio
373 1909 790 1985 repartitionis
837 1929 872 1967 a
913 1902 1399 1983 congregatione
1444 1908 1594 1965 Boni
1620 1905 1803 1979 ‘Regi-

175 1986 395 2060 mini5‚
442 1996 514 2045 ut
553 2007 739 2062 supra
766 2028 782 2060 ,
841 1984 1014 2046 factae
1043 2031 1060 2059 ,
1108 1984 1186 2044 ad
1238 1982 1589 2060 praedictam
1642 1986 1803 2042 Con-

173 2062 590 2138 gregationem
648 2065 1000 2122 Firmanam
1033 2103 1048 2130 ‚
1116 2059 1403 2136 illiusque
1452 2061 1809 2120 Praefectum

174 2141 432 2200 omnino
464 2149 694 2216 spectet
722 2187 738 2212 ‚
780 2151 965 2218 atque
1005 2140 1353 2215 pertineat3
1398 2139 1485 2199 ita
1531 2147 1603 2196 ut
1647 2155 1805 2212 quae·

173 2237 440 2296 cumque
488 2216 921 2278 Ordinationes
963 2217 1174 2290 vigore
1232 2211 1557 2292 peculiaris
1599 2212 1807 2289 hujus·

178 2296 346 2355 modi
363 2295 690 2354 Pontificiae
716 2293 1172 2354 Commissionis
1194 2311 1311 2368 pro
1333 2302 1607 2368 tempore
1620 2290 1809 2361 factm,

177 2395 214 2433 a
251 2373 539 2450 praedicta
569 2370 1052 2448 congregatione
1086 2371 1236 2452 Boni
1258 2368 1626 2444 Regiminir„
1654 2371 1808 2444 ejus'·

179 2469 302 2526 que
351 2450 675 2521 Praefect0‚
734 2451 932 2508 eidem
989 2446 1460 2523 congregationi
1510 2440 1813 2504 Firmanae

181 2529 502 2586 dumtaxat
531 2573 546 2601 ‚
617 2524 968 2586 nullatenus
1013 2535 1222 2584 autem
1278 2521 1815 2584 Gubernatoribus

181 2602 508 2664 Localibus
536 2647 552 2676 ,
613 2602 932 2682 multoque
980 2605 1190 2683 ‚minus
1252 2599 1817 2684 Communitatibus

185 2684 474 2743 Civitatis
513 2681 748 2752 Firmi,
797 2703 866 2741 ac
914 2686 1311 2756 Castrorum,
1350 2685 1716 2752 Terrarum,
1756 2687 1822 2738 et

185 2764 492 2820 Locorum
551 2760 895 2820 Comitatus
939 2757 1212 2838 ejusdem
1248 2801 1263 2828 ,
1325 2757 1707 2832 dirigantur,
1758 2762 1821 2815 et

185 2836 366 2914 dirigi
391 2835 702 2897 debeant:
730 2833 969 2896 Eisdem
986 2836 1170 2914 plane
1199 2833 1490 2894 methodo
1508 2877 1524 2906 ‚
1548 2835 1819 2902 ratione,
1866 2905 1885 2914 l

190 2924 254 2973 et
281 2915 520 2986 forma,
559 2930 694 2990 quae
742 2933 884 2973 cum
929 2917 989 2972 S.
1029 2917 1106 2972 R.
1150 2915 1222 2970 E.
1267 2907 1699 2971 cardinalibus
1742 2909 1821 2968 de

189 2995 409 3052 Latere
433 2992 666 3066 Legatis
682 3035 699 3064 ,
731 3011 846 3068 pro
873 2987 1247 3051 Civitatibus
1265 3025 1282 3060 ,
1311 2987 1568 3057 castriS,
1584 2986 1821 3062 TerriS,

189 3079 254 3127 et
289 3071 460 3129 Locis
503 3071 567 3128 in
623 3069 956 3130 Provinciis
1007 3062 1347 3126 eorundem
1400 3061 1825 3122 cardinalium

188 3149 559 3223 Legatorum
605 3145 1011 3222 jurisdictioni
1061 3141 1347 3220 subjectis
1384 3138 1779 3201 existentibus
1802 3156 1825 3217 ·,
1882 3118 2127 3238 ιξοῃῇἵθ·

189 3221 630 3284 observantur.
1516 3237 1521 3242 ·
1755 3241 1759 3246 ·
1848 3203 1877 3254 g
1938 3205 1988 3239 ¹⁰
2058 3207 2125 3240 ’τ’

267 3295 354 3362 Ut
391 3321 542 3362 vero
590 3299 873 3378 deinceps
917 3300 1150 3361 Civitas
1181 3297 1471 3356 Fit-mana
1500 3269 1823 3373 praedicta,
1845 3272 2133 3390 ἓῖᾗᾛὲζζ

189 3383 448 3456 eiusque
483 3379 864 3453 Comitium,
919 3388 1048 3438 tam
1090 3376 1155 3434 in
1203 3373 1338 3446 his,
1378 3390 1511 3452 quae
1554 3371 1822 3434 adPoli·
1850 3392 1993 3442 sibus
2018 3391 2103 3444 ba-

191 3455 382 3518 ticam
410 3493 430 3534 ‚
475 3475 661 3536 quam
707 3473 842 3534 quae
894 3455 972 3517 ad
1031 3451 1503 3527 OEconomicam
1542 3469 1830 3529 procura·
1856 3460 2039 3512 benda.
