2400 3996
569 141 649 205 J‘i·
1101 131 1495 210 BENEmcn
1539 129 1716 198 XIV.

299 252 432 308 Pon
455 273 504 315 τ,
566 245 710 316 mis,
749 252 814 302 et
867 261 1010 302 cum
1099 240 1373 302 uibusvis
1426 240 1612 300 etiam
1670 239 2203 316 derogatoriarum

317 327 383 376 A.
407 325 494 377 v1.
561 319 994 395 derogatoriis,
1035 261 1291 393 dliisque
1333 313 1808 391 efficacioribus,
1847 329 1909 376 et
1946 317 2203 382 insolitis

547 395 884 469 clausum,
925 413 1038 454 nec
1071 413 1196 452 non
1240 394 1663 463 irritantibuS,
1706 404 1770 453 et
1808 391 1944 452 aliis
1981 400 2199 458 Decre-

563 473 672 543 tis,
721 473 908 542 etiam
957 479 1168 538 motu,
1224 471 1511 542 scientia,
1570 468 2019 530 deliberatione
2058 517 2075 546 ,
2140 482 2203 533 et

559 549 876 624 potestatis
919 545 1305 623 plenitudine
1360 545 1689 620 similibus,
1726 547 1911 606 etiam
1956 547 2033 606 ad
2060 551 2199 626 ,Im-

556 626 896 700 peratoriS,
929 629 1194 698 Regum,
1231 623 1638 699 Reginarum,
1666 633 1729 682 et
1763 621 2197 700 Rerumpubli·

561 720 811 774 carum,
855 709 918 759 et
970 700 1333 776 quorumvis
1381 697 1646 758 aliorum
1698 700 2047 774 Principum
2070 745 2085 771 ‚
2140 711 2204 760 et

560 781 962 838 Personarum
985 821 1004 850 ,
1045 791 1435 852 quacumque
1476 773 1927 849 Ecclesiastica,
1952 773 2053 836 vel
2086 777 2199 836 Sae-

558 851 752 911 culari
787 852 1086 927 dignitate
1115 849 1484 926 fulgentium
1522 852 1921 923 instantiam,
1956 871 2063 910 seu
2101 872 2200 912 eo·

559 948 698 986 rum
750 931 978 987 intuitu
1004 969 1022 999 ,
1057 938 1120 988 et
1150 926 1709 1003 contemplatione,
1734 947 1805 986 ac
1840 929 2029 986 etiam
2055 947 2199 988 con-

533 1003 972 1078 sistorialiter,
1023 1013 1088 1064 et
1130 1001 1281 1062 alias
1321 1003 1824 1080 quomodolibet,
1861 1005 2047 1064 etiam
2092 1025 2203 1080 per
2276 1053 2285 1063 .

491 1107 497 1125 =
558 1083 722 1140 viam
766 1080 1343 1140 communicationis
1395 1089 1459 1140 et
1510 1080 1913 1154 extensionis,
1947 1099 2201 1155 conces·

559 1159 676 1230 sis,
709 1165 773 1219 et
813 1157 1048 1216 iteratis
1083 1154 1327 1218 *vicibus
1360 1155 1751 1232 approbatiS,
1780 1167 1843 1216 et
1868 1157 2199 1216 innovatis.

558 1232 795 1308 ‚Quibus
834 1232 1124 1294 omnibus
1147 1275 1162 1302 ,
1216 1233 1419 1307 quoad
1470 1251 1579 1306 ea,
1624 1252 1759 1310 quae
1800 1232 2203 1308 praesentibus

560 1307 1026 1384 quomodolibet
1061 1308 1500 1384 adversantur,
1538 1309 1774 1368 etiamsi
1806 1328 1919 1386 pro
1952 1307 2202 1370 illorum

559 1385 884 1447 sufficienti
915 1386 1347 1461 derogatione,
1382 1385 1459 1444 de
1484 1381 1611 1444 illis
1634 1427 1653 1460 ,
1686 1403 2029 1462 eorumque
2054 1387 2229 1453 totis.

560 1461 912 1533 tenoribus,
942 1471 1007 1520 et
1036 1461 1249 1521 formis
1268 1506 1286 1534 ‚
1307 1459 1596 1538 specialis
1638 1472 1702 1520 et
1738 1461 2061 1523 individua
2081 1507 2097 1535 ,
2128 1482 2201 1522 ac

559 1539 638 1598 de
677 1537 870 1598 verbo
907 1536 986 1594 ad
1019 1536 1320 1610 verbum,
1346 1557 1473 1597 non
1514 1548 1723 1598 autem
1762 1557 1873 1614 per
1898 1536 2201 1600 clausulas

560 1612 870 1688 generales
892 1613 1054 1674 idem
1082 1614 1165 1670 im
1214 1623 1487 1676 ortantes
1508 1657 1527 1688 ‚
1546 1616 1778 1674 mentio
1801 1659 1819 1687 ,
1841 1633 1945 1672 seu
1971 1617 2201 1690 quaevis

561 1689 694 1748 alia'
734 1691 1033 1765 expressio
1093 1688 1172 1747 ha
1222 1689 1379 1748 enda
1407 1733 1424 1762 ,
1454 1711 1555 1750 ·ac
1655 1691 1837 1750 uaevis
1902 1691 2201 1767 exquisita

558 1765 758 1826 forma
796 1763 1097 1824 servanda
1128 1765 1288 1824 foret
1308 1810 1325 1840 ,
1352 1775 1597 1826 tenores
1675 1766 2017 1844 uiusmodi,
2049 1786 2119 1826 ae
2148 1769 2200 1826 si

558 1843 638 1900 de
680 1841 872 1900 verbo
909 1841 994 1900 ad.
1023 1839 1318 1914 verbum,
1359 1841 1515 1902 nihil
1546 1842 1793 1918 penitus
1834 1842 2095 1916 omiss0,
2138 1855 2201 1904 et

557 1917 756 1976 forma
796 1919 859 1976 in
900 1915 1020 1976 illis
1056 1916 1285 1977 tradita
1324 1917 1683 1991 observata,
1712 1919 1923 1978 inserti
1956 1917 2198 1987 forent,

555 1991 960 2071 proesentibus
1011 2014 1128 2071 pro
1181 1996 1473 2071 expressis
1514 1993 1809 2055 habentes
1832 2040 1849 2069 ‚
1892 1992 2012 2054 illis
2052 1992 2200 2055 alias

558 2073 624 2135 in
682 2091 796 2131 suo
845 2069 1072 2131 robore
1122 2072 1577 2149 permansuris,
1645 2082 1815 2131 motu
1838 2112 1857 2139 ,
1905 2070 2201 2144 scientia,

555 2144 1038 2219 deliberatione,
1079 2158 1143 2207 et
1177 2150 1498 2223 potestatis
1538 2144 1925 2224 plenitudine
1946 2146 2200 2223 paribus

553 2223 938 2302 specialiter,
976 2234 1040 2284 et
1077 2244 1354 2301 expresse
1398 2223 1761 2300 derogamus
1780 2266 1797 2299 ,
1844 2224 2199 2301 caeterisque

557 2302 884 2366 contrariis
919 2300 1437 2377 quibuscumque.

340 2404 526 2458 Fidem
629 2382 706 2435 Et
754 2378 898 2451 quia
939 2376 1188 2435 difficile
1232 2376 1395 2437 foret
1434 2385 1763 2453 praesentes
1808 2377 2037 2437 Literas
2059 2422 2075 2446 ‚
2100 2377 2199 2437 'ad

215 2498 220 2503 .
259 2482 517 2524 trausnm-
557 2448 792 2526 singula
854 2468 1114 2527 quaeque
1166 2449 1338 2525 loca,
1396 2453 1463 2509 in
1518 2450 1750 2525 quibus.
1785 2451 1863 2515 de
1904 2454 1989 2512 eis
2048 2452 2197 2515 fides

257 2542 362 2607 ptis
409 2540 500 2589 tri.
557 2526 762 2589 forsan
811 2526 1088 2585 facienda
1127 2526 1325 2601 foret,
1368 2525 1633 2600 deferri,
1660 2530 1846 2589 etiam
1874 2526 2195 2603 volumus,

258 2607 392 2656 buit.
557 2613 622 2675 et
675 2602 890 2662 eadem
945 2601 1301 2679 Apostolica
1340 2602 1712 2663 auctoritate
1766 2603 2195 2677 decernimus,

558 2680 745 2757 qnod·
785 2674 1034 2737 illarum
1094 2681 1499 2759 transumptis
1527 2722 1544 2753 ‚
1599 2680 1785 2741 etiam
1852 2678 2195 2757 impressis,

557 2776 748 2818 manu
787 2756 1024 2815 Notarii
1060 2754 1295 2833 publici
1334 2755 1725 2831 subscriptis,
1754 2766 1816 2816 et
1854 2755 2063 2832 Sigillo
2088 2758 2194 2819 ali·

555 2838 730 2909 cuius
769 2849 1044 2906 personae
1083 2834 1150 2891 in
1185 2832 1481 2909 dignitate
1522 2830 1933 2893 Ecclesiastica
1967 2836 2193 2897 consti-

556 2919 706 2969 tutae
749 2907 1042 2983 munitis,
1073 2909 1136 2968 in
1174 2910 1447 2987 Judicio,
1488 2918 1553 2968 et
1575 2918 1781 2982 extra,
1809 2930 1879 2969 ac
1906 2908 2017 2969 ubi
2042 2930 2199 2988 opus

556 2984 743 3045 fuerit
763 3027 780 3056 ,
822 2983 1033 3044 eadem
1131 3005 1341 3047 rorsus
1388 2984 1799 3061 adhibeatur3-
1852 3006 1988 3063 quae
2053 2990 2197 3063 ipsis

549 3059 957 3139 praesentibus
1012 3062 1089 3121 ad
1138 3061 1475 3140 iberetur‚.
1510 3064 1561 3122 si
1610 3061 1818 3121 forent
1868 3062 2157 3141 exhibitae
2178 3106 2196 3137 ,

557 3138 655 3210 vel
693 3148 969 3201 ostensae.
1410 3212 1417 3217 ἡ
1853 3154 1859 3159 ·
1991 3170 1997 3177 ·

321 3223 532 3276 Sanctio
627 3214 793 3291 Nulli
832 3234 982 3289 ergo·
1012 3216 1269 3275 omnino
1318 3214 1642 3278 hominum
1683 3212 1863 3275 liceat
1905 3217 2198 3291 paginam

249 3292 490 3359 poenalia.
554 3290 716 3351 hanc
763 3295 1120 3351 Nostrarum
1165 3291 1683 3369 confirmationis,
1728 3288 2196 3367 innovationis,

553 3366 1013 3444 declarationis,
1056 3368 1184 3429 sive
1210 3370 1611 3445 extensionis,
1650 3379 1714 3430 et
1742 3369 2195 3449 ampliationis,
