2400 3996
745 142 1190 214 BULLAamM.
1482 134 1489 140 ⁵
1686 154 1807 219 225

133 254 365 330 ..etiam
403 262 550 311 ante
585 256 1288 331 statutumsponsalium
1322 256 1484 317 diem
1509 303 1527 333 ,
1562 258 1639 317 a'd
1680 262 1809 337 ipsa
1865 264 2073 331 Aen'no

175 327 486 406 nuptialia
527 330 747 405 gaudia
788 332 1095 390 introduci
1125 336 1441 409 contingat
1442 379 1477 409 Δ
1517 336 1807 400 nimirum
1903 340 2050 409 1746.

173 406 408 468 talibus
449 411 638 465 tantis
685 428 760 465 ue
799 407 876 466 de
911 407 1082 468 Coelo
1122 410 1437 469 favoribus
1462 454 1481 483 ‚
1520 413 1583 470 in
1624 411 1808 489 huius

175 485 321 543 vitae
365 480 548 540 exilio
581 483 657 541 ad
709 503 782 541 uc
823 484 1109 559 degentes
1137 527 1154 556 ,
1191 485 1640 561 cumulari,·ut
1684 494 1810 566 jam

176 559 309 619 fere
347 559 428 618 ad
465 560 798 635 perfectam
840 582 978 621 cum
1011 566 1242 638 Sponso
1278 566 1569 623 unionem
1604 566 1667 623 in
1706 586 1831 627 an-.

175 646 475 696 tecessum
494 638 841 711 pervenisse
865 639 1217 699 videantur.
1250 644 1377 701 Hoc
1404 651 1495 699 est
1521 639 1807 715 fortasse,

177 711 347 789 quod
396 712 584 771 Nobis
635 715 905 773 innuunt
945 716 1281 791 prudentes
1338 714 1455 775 illae
1492 718 1805 793 Virgines,

177 790 253 847 de
272 787 502 864 quibus
521 790 582 849 in
597 790 959 869 Evangelica
977 790 1272 851 Parabola
1290 790 1542 868 legimus
1558 838 1575 864 ‚
1600 794 1767 869 quod
1787 837 1804 865 ,

175 861 322 924 licet
369 866 512 943 ipsae
551 876 701 925 tunc
739 869 949 943 Sponsi
979 867 1256 927 thalamo
1312 869 1627 929 destinatae
1662 891 1807 931 ⁴non

177 952 381 1003 essent
419 987 438 1015 ‚
491 954 758 1001 attamen
785 989 802 1015 ,
849 962 1040 1019 quum
1093 944 1299 1005 studio
1340 945 1703 1021 pervigiles,
1742 958 1809 1006 et

175 1038 316 1077 cum
335 1020 572 1078 ornatis
595 1019 1074 1096 ardentibusque
1098 1019 1515 1096 lampadibus,
1554 1034 1618 1081 et
1652 1024 1807 1085 vasis

176 1092 312 1155 oleo
337 1092 562 1171 plenis»,
587 1098 851 1157 inventae
867 1097 1128 1170 fuerint,
1148 1097 1514 1157 adveniente
1539 1101 1804 1173 sponso,

175 1171 576 1243 intraverunt
597 1192 736 1231 cum
779 1193 852 1232 eo
890 1173 968 1232 ad
995 1176 1277 1249 nuptia33
1309 1184 1380 1233 ut
1402 1172 1661 1243 scilicet,
1690 1194 1806 1251 pro

175 1267 392 1307 earum
429 1259 612 1328 captu
632 1294 649 1321 ‚
692 1247 1028 1309 ineffabiles
1065 1247 1197 1309 illas
1232 1259 1673 1325 praegustat-ent
1704 1251 1809 1312 de·-

173 1320 344 1384 licias
370 1369 388 1398 ,
430 1323 653 1399 quibus
699 1324 902 1385 felices
945 1325 1192 1385 demum
1240 1328 1457 1385 animae
1495 1337 1805 1401 compotes

173 1411 400 1474 erunt,
451 1421 640 1477 quum
675 1412 813 1478 post
851 1400 1146 1477 expletam
1199 1399 1481 1461 mortalis
1516 1404 1658 1461 vitae
1697 1422 1805 1478 pe-

175 1479 652 1557 regrinationem
671 1519 690 1549 ‚
714 1480 785 1538 in
813 1476 1130 1555 Templum
1162 1480 1339 1553 Regis
1358 1520 1373 1547 ,
1412 1478 1477 1537 in
1512 1482 1802 1539 Sanctua-

173 1556 336 1616 rium
377 1555 527 1619 Dei,
558 1575 699 1614 cum
735 1552 946 1621 laetitia
989 1564 1054 1613 et
1091 1552 1466 1615 exultatione
1496 1554 1802 1615 adducen-

175 1640 299 1691 tur.
338 1634 494 1695 Hoc,
530 1629 672 1689 satis
713 1639 922 1705 aperte
960 1624 1297 1691 declaravit
1336 1633 1462 1708 ipse
1506 1633 1803 1691 Dominus

173 1710 346 1767 Jesus
377 1748 402 1778 ,
451 1700 557 1782 qui
605 1709 669 1765 in
724 1706 938 1767 diebus
979 1708 1179 1767 carnis
1222 1727 1383 1781 suae,
1428 1706 1807 1784 Discipulum

173 1780 352 1843 illum
379 1782 764 1857 virginitatis
790 1782 1055 1843 candore
1079 1793 1501 1859 praestantem,
1532 1803 1671 1860 prae·
1690 1805 1801 1855 cee-

174 1863 320 1924 teris
376 1858 698 1932 omnibus,
755 1878 908 1935 quos
957 1864 1180 1920 amicos
1239 1881 1377 1921 suos
1432 1858 1801 1935 appellavit,

172 1932 586 2013 singularibus
623 1934 940 1995 charitatis
977 1934 1520 2014 significationibus
1546 1949 1636 1995 est
1658 1957 1801 2014 pro-

172 2033 232 2074 se
281 2023 512 2088 uutus3
555 2011 874 2090 eidemque
897 2025 1106 2089 postea
1138 2025 1371 2076 secreta
1407 2011 1673 2074 coelestia
1706 2035 1803 2084 re-

173 2109 248 2151 ve
271 2089 430 2149 avit.
467 2094 595 2153 Hoc
625 2109 779 2168 saepe
821 2089 1104 2166 deinceps
1144 2091 1207 2150 in
1250 2089 1532 2166 pluribus
1572 2092 1805 2166 Sanctis

163 2169 498 2248 ⁶utriusque
534 2186 706 2226 sexus
750 2166 1106 2240 Virginibus
1159 2165 1629 2226 demonstravit.
1674 2171 1805 2240 Hoc

163 2239 443 2320 'denique
479 2242 1086 2303 recentiusostendit
1123 2245 1188 2302 in
1232 2244 1297 2302 Β.
1340 2245 1805 2302 CATHARINA

169 2319 429 2396 Virgine
469 2315 718 2379 Ordinis
754 2317 1226 2390 Praedicatorum
1264 2315 1546 2390 Mouiali‚
1586 2318 1653 2375 in
1697 2337 1801 2376 cu-

169 2401 267 2473 jus
317 2398 674 2456 innocentia
713 2416 784 2454 ac
835 2396 1103 2472 puritate
1145 2396 1229 2453 ita
1268 2387 1385 2453 sibi
1433 2390 1805 2470 complacuit

167 2475 440 2550 Sponsus
475 2474 650 2548 virgo
677 2518 694 2545 ‚
743 2483 807 2540 et
841 2467 1112 2547 Virginis
1145 2469 1371 2542 Filius,
1416 2480 1489 2528 ut
1537 2489 1671 2528 eam
1696 2469 1803 2530 -ad

169 2548 672 2608 sublimissimum
695 2547 1088 2624 perfectionis
1110 2546 1355 2607 culmen
1388 2556 1661 2606 evectam
1682 2589 1699 2620 ‚
1728 2565 1801 2606 ac

159 2624 530 2686 ’Coelestiuin
591 2625 1028 2684 charismatum
1079 2626 1252 2701 copia
1315 2622 1657 2701 perfusam,
1702 2621 1799 2681 -ad

171 2703 453 2763 intimam
473 2703 571 2762 sui
607 2702 1081 2777 familiaritatem
1121 2703 1184 2761 in
1211 2701 1417 2760 Terris
1448 2699 1796 2770 admiserit,

159 2786 232 2838 ‘et
279 2777 534 2839 tandem
586 2797 710 2837 suae
755 2779 944 2854 ipsius
993 2777 1391 2838 beatitudinis
1434 2776 1799 2854 participem

173 2856 234 2914 in
283 2853 472 2916 Coelis
505 2855 754 2930 fecerit3
791 2854 910 2916 Ubi
951 2847 1118 2915 illam
1157 2855 1222 2913 in
1249 2855 1389 2913 sinu
1414 2852 1635 2912 Dilecti
1664 2870 1794 2910 cer-

171 2933 402 2991 tissime
437 2943 828 3008 regnantem,
869 2940 933 2989 et
969 2949 1083 3006 pro
1120 2927 1296 2988 nobis
1326 2927 1565 2986 assidue
1604 2929 1793 2986 inter-

169 3007 489 3066 cedentem
518 3053 534 3083 ,
582 3007 661 3068 ab
711 3009 997 3067 universa
1051 3003 1312 3064 Ecclesia
1362 2999 1679 3082 colendam
1724 3020 1797 3060 ac

169 3083 588 3145 venerandam
643 3103 770 3143 esse
815 3082 1074 3158 (praevia
1116 3083 1421 3140 virtutum
1462 3079 1683 3153 ipsius,
1726 3095 1797 3136 ac

172 3159 610 3220 miraculorum
653 3162 713 3218 in
743 3164 884 3235 ‚ejus
922 3157 1181 3234 gratiam
1217 3176 1252 3214 a
1287 3161 1414 3213 Deo
1453 3155 1794 3223 editorum,

167 3239 555 3312 cognitione,
585 3257 658 3296 ac
681 3235 939 3313 juridica
977 3229 1459 3310 approbatione)
1487 3229 1565 3289 de
1592 3233 1789 3319 Vene-

169 3312 458 3373 rabilium
485 3318 774 3373 Fratrum
805 3315 1168 3371 Nostrorum
1206 3313 1265 3369 S.
1292 3313 1368 3368 R.
1396 3312 1467 3387 Ε,
1494 3305 1789 3367 Cardine-

167 3384 338 3468 lium,
362 3409 606 3452 necnon
623 3386 1110 3450 Patriarcharum
1125 3431 1142 3464 ‚
1167 3385 1793 3464 Archiepiscoporum‚
