2400 3996
577 116 658 183 60
1089 112 1477 178 namma-1
1517 106 1687 174 XIV.

273 237 321 296 P
341 250 380 293 o
401 249 442 292 π
461 247 519 292 τ.
577 247 614 284 a
643 227 783 284 San.
815 219 1008 282 mem,
1038 219 1146 280 Pio
1177 226 1256 282 V.
1292 217 1729 279 Praedecessore
1760 219 1985 278 Nostro
2008 219 2075 274 in
2096 233 2225 278 sua

311 305 384 360 A.
405 303 513 364 VI.
582 301 820 361 constit.
853 317 1090 358 xxxta
1115 297 1194 354 In
1206 293 1595 430 conserendis·
1623 292 1814 354 Multo
1836 298 2022 370 magis
2048 315 2220 372 quae-
2246 325 2251 330 ’

576 379 934 452 viseumque
955 375 1078 434 sint
1110 375 1305 434 Conci
1332 373 1373 430 ii
1396 369 1587 433 verba
1608 391 1626 446 ;
1653 372 1703 429 si
1722 371 1856 448 quis
1879 373 2035 431 inte1
2064 392 2217 448 pro·

577 455 756 515 batos
783 453 862 512 ab
893 449 1429 510 Examinatoribus
1462 447 1764 508 actionem
1796 459 2043 510 moveat
2064 469 2216 508 oon-

577 541 676 590 tra
709 528 1010 607 judicium
1044 548 1081 586 a
1123 532 1391 586 Patrono
1422 522 1649 597 latum,
1680 544 1919 601 aequum
1950 531 2217 601 justum-

581 625 704 683 que
739 607 857 664 erit
879 648 895 678 ,
930 614 1002 662 ut
1051 602 1371 674 audiatur,
1405 611 1467 660 et
1490 621 1717 661 munus
1754 603 1873 660 erit
1899 603 2219 678 Episcopi,

579 682 657 741 ad
699 701 881 758 quem
925 680 1249 738 instituere
1287 679 1355 736 in
1385 676 1685 738 beneficio
1720 679 1989 755 pertinet
2012 721 2029 749 ‚
2070 677 2215 739 dili-

618 769 794 818 enter
832 757 1144 833 inquirere
1170 800 1188 828 ,
1232 755 1484 813 Patroni
1522 753 1819 831 judicium
1850 765 2061 818 utrum
2104 776 2213 816 va-

603 845 732 908 eat,
761 855 877 894 nec
909 853 1022 910 ne;
1061 829 1367 908 regulisne
1398 833 1680 907 iustitiae,
1720 852 1801 892 an
1838 852 2008 896 secus
2046 833 2210 895 inni-

577 921 772 972 tatur.
2084 925 2089 930 ·

279 1044 562 1132 nesfiomio
657 1069 940 1144 Superest
973 1061 1156 1125 tertia
1189 1061 1443 1138 quaestio
1464 1105 1493 1136 ,.
1516 1060 1599 1132 in.
1621 1079 1745 1136 qua
1762 1099 1778 1129 ,
1816 1069 1888 1123 ut
1930 1061 2214 1139 superius

278 1133 344 1210 ⁸¹¹,
360 1131 845 1202 tertium'diximus
864 1185 881 1214 ,
917 1139 1247 1216 quaeritur,
1274 1140 1323 1197 si
1360 1137 1411 1196 is
1436 1182 1453 1211 ‚
1478 1138 1591 1214 qui
1616 1157 1680 1196 se
1705 1136 1765 1195 di
1812 1139 2047 1200 niorem
2084 1141 2209 1200 exi-

271 1206 566 1278 ⁰t¹3¹¹¹3⁰¹¹¹¹¹
583 1220 821 1292 stimat,
853 1227 917 1276 et
943 1215 1332 1292 posthabitus
1374 1223 1498 1287 est,
1524 1233 1745 1290 suspen
1792 1215 1813 1272 i
1848 1213 2071 1276 debeat
2114 1217 2207 1275 in·

299 1265 492 1344 dgstm-
579 1296 821 1356 stitutio
851 1292 1234 1369 praesentati,
1270 1313 1349 1350 an
1379 1292 1588 1367 potius
1620 1311 1749 1350 eam
1787 1294 2003 1369 exequi
2026 1311 2209 1368 opor·

278 1338 469 1385 ‘mne‘
579 1383 728 1447 teat3
745 1371 972 1448 paucis,
985 1372 1032 1428 si
1047 1366 1377 1444 appellatio
1392 1368 1751 1444 interposita
1766 1365 1967 1428 locum
1982 1368 2211 1428 habeat

577 1451 644 1508 in
669 1445 1025 1508 devolutivo
1047 1445 1397 1522 dumtaxat,
1414 1465 1494 1503 an
1522 1443 1709 1503 etiam
1730 1445 1790 1502 in
1810 1448 2169 1522 suspensivo
2188 1467 2208 1505 ε

575 1521 655 1584 Et
695 1523 794 1583 hic
826 1525 1010 1581 etiam
1043 1540 1197 1596 opus
1228 1539 1355 1580 esse
1379 1521 1626 1581 videtur
1658 1541 1852 1580 unum
1893 1542 2101 1584 casum
2126 1524 2231 1582 ab·

579 1597 774 1659 altero
815 1597 1207 1672 distinguere.
1247 1600 1402 1672 Nam
1445 1607 1555 1656 aut
1594 1595 1881 1656 ‘udicium
1927 1600 2209 1676 Episcopi

576 1676 867 1737 convenit
893 1693 1034 1732 cum
1059 1671 1166 1730 illo
1191 1675 1445 1732 Patroni
1472 1679 1552 1733 Ec
1615 1674 1875 1734 esiastici
1895 1718 1911 1746 ‚
1938 1675 2097 1737 adeo
2133 1689 2207 1738 ut

575 1753 628 1812 is
649 1747 682 1826 ,’
712 1751 818 1827 qui
859 1758 1258 1826 praesentatus
1297 1759 1390 1808 est
1428 1769 1462 1808 a
1492 1756 1759 1810 Patrono
1784 1750 2207 1814 Ecclesiastico

571 1839 872 1906 tanquam
906 1824 1094 1900 magis
1123 1824 1411 1899 idoneuS,
1446 1835 1509 1886 et
1541 1826 1760 1902 dignus
1780 1873 1797 1901 ‚
1838 1827 1985 1890 talis·
2014 1832 2205 1890 etiam

574 1904 655 1964 ab
707 1905 1002 1980 Episcopo
1055 1899 1365 1976 iudicetur
1394 1947 1411 1976 ,
1469 1913 1531 1962 et
1587 1904 1687 1962 isti
1750 1905 2060 1966 institutio
2122 1907 2204 1968 ab

571 1982 867 2059 Episcopo
887 1975 1261 2037 concedatur
1280 2022 1293 2045 ‚
1325 1979 1377 2039 si
1408 1977 1799 2056 posthabitus
1833 2003 1869 2041 a
1898 1987 2202 2059 Patrono,

573 2068 635 2119 et
673 2056 754 2117 ab
793 2057 1088 2133 Episcopo
1117 2074 1152 2113 a
1242 2052 1419 2129 ellat,
1454 2062 1587 2133 eius
1622 2056 1952 2133 appellatio
1983 2061 2049 2121 in
2092 2060 2199 2123 de-

573 2131 850 2196 volutivo
895 2140 1138 2191 tantum
1221 2152 1399 2191 ocum
1455 2130 1710 2193 habebit
1737 2178 1755 2203 ‚
1804 2145 1868 2194 et
1918 2134 2007 2195 ini
2032 2176 2054 2204 ,
2092 2141 2203 2214 qui

570 2212 888 2271 institutus
924 2217 1015 2267 est
1049 2206 1130 2266 ab
1162 2208 1492 2287 Episcopo,
1532 2206 1836 2271 Parochiae
1877 2216 2199 2288 possessio.

570 2306 712 2348 nem
749 2285 1000 2347 minime
1032 2282 1400 2345 retardabit.

641 2596 720 2655 Et
767 2592 1014 2671 quidem
1055 2592 1106 2655 si
1161 2603 1380 2671 agatur
1421 2591 1500 2655 de
1549 2594 1812 2659 Ecclesia
1854 2600 2196 2663 parochiali

563 2666 770 2731 liberae
805 2671 1148 2732 collationis
1186 2672 1505 2749 Episcopi,
1550 2684 1613 2733 et
1644 2674 1723 2734 ab
1758 2678 1803 2734 E
1851 2676 1972 2737 isco
2016 2699 2055 2737 o
2082 2682 2195 2739 uni

563 2761 635 2805 ex
675 2748 1028 2825 approbatis
1077 2748 1157 2809 ab
1202 2749 1731 2811 Examinatoribus
1766 2762 1771 2767 '
1826 2772 1949 2831 yno
1994 2753 2195 2817 alibus

559 2833 855 2903 tanquam
900 2826 1213 2902 digniori,
1261 2836 1323 2885 et
1378 2828 1565 2903 magis
1612 2826 1835 2889 idoneo
1884 2830 2195 2892 institutio

559 2897 742 2960 detur
761 2946 778 2973 ,
819 2903 900 2975 is,
929 2905 1036 2979 qui
1061 2905 1225 2963 inter
1264 2902 1555 2979 probatos
1590 2904 1669 2963 ab
1696 2904 1923 2965 eisdem
1954 2911 2191 2973 Exami-

557 2975 878 3037 natoribus
937 2999 1000 3039 se
1047 2981 1273 3057 injuste
1314 2978 1735 3057 posthabitum
1776 2980 1857 3040 ab
1896 2984 2192 3060 Episcopo

555 3052 907 3127 contendit,
944 3055 1180 3131 sibique
1206 3100 1223 3129 ‚
1259 3066 1322 3116 et
1359 3076 1485 3116 non
1530 3055 1707 3116 alteri
1739 3055 2015 3119 debitam
2066 3080 2194 3121 esse

553 3130 1042 3204 institutionem,
1099 3129 1416 3209 appellans
1474 3132 1759 3193 obtinere
1805 3137 2025 3212 nequit
2055 3178 2074 3207 ,
2120 3145 2195 3197 ut

549 3224 662 3265 sua
694 3204 1024 3283 appellatio
1061 3210 1421 3283 suspensiva
1447 3211 1528 3270 sit
1549 3252 1564 3277 ‚
1602 3230 1737 3287 quae
1766 3231 1901 3271 non
1940 3210 2063 3273 alia
2091 3228 2189 3280 ra.-

552 3281 721 3343 tione
752 3282 1138 3358 admittitur,
1167 3286 1284 3344 nisi
1320 3286 1381 3345 in
1417 3284 1775 3349 devdutivo
1809 3294 1979 3365 juxta
2008 3305 2186 3365 para-

549 3356 852 3436 graphum
919 3368 1209 3437 octavum
1254 3359 1518 3424 laudatae
1560 3366 2051 3441 ‚Gonstitutionis
2113 3366 2190 3423 In
