2400 3996
332 313 374 365 P
393 330 425 365 o
440 328 473 365 n
492 330 544 367 'r-

330 384 395 433 A.
421 384 538 440 Vll.

386 686 569 752 Juspa-

294 756 530 801 trun-tus

292 820 472 869 favore
492 819 567 868 di.

290 886 365 936 cti
401 886 567 953 Regis.

598 194 723 266 532
1122 200 1509 269 BENEmc'rI
1553 192 1730 271 XIV.

598 304 764 367 hunc
806 306 1089 369 effectum
1130 310 1425 386 donavit,
1466 324 1539 373 et·
1569 312 1796 374 obtulit
1818 360 1835 388 ,
1869 335 1940 375 ac
1988 310 2224 381 saliret-'e

599 388 927 462 quotannis
943 390 1223 464 promisit
1243 435 1258 463 ‚
1275 410 1380 449 seu
1403 393 1710 467 promittit
1726 438 1743 464 ‚
1762 404 1830 451 ex·
1847 402 2024 467 tunc,
2041 408 2227 471 prout

594 481 665 520 ex
696 482 765 522 ea
804 463 938 537 die,
977 475 1039 524 et
1078 486 1148 525 ex
1176 488 1373 539 nunc,
1408 480 1733 547 postquam
1767 471 2062 547 assignati
2099 474 2222 534 fu'e-

595 539 755 612 rint,
799 552 869 600 ut
906 542 1230 618 praefertur
1253 587 1269 617 ‚
1309 544 1588 605 similiter
1625 554 1920 624 perpetuo
1952 548 2230 627 applica&

594 635 762 689 mus,
810 628 873 676 et
914 621 1399 697 appropriamus.

668 697 745 753 Et
770 694 1017 772 insuper
1052 699 1272 756 Joanni
1309 700 1491 775 Regi,
1535 710 1596 759 et
1635 708 1751 776 pro
1780 711 2064 777 tempore
2103 704 2224 763 exiz

583 768 891 831 stentibus
928 772 1340 849 Portugalliae‚
1380 787 1440 836 et
1481 776 1909 853 Algarbiorum
1951 782 2228 855 Regibus

588 846 855 919 praefatis
887 853 1352 927 Juspatronatus
1370 899 1386 926 ‚
1409 861 1472 913 et
1501 854 1906 931 praesentandi
1926 873 2228 931 personas

590 921 838 983 idoneas
870 926 948 985 ad
987 927 1179 987 dictas
1203 929 1496 990 Ecclesias
1535 932 1740 993 Sancti
1765 929 1968 999 Pauli.
2003 944 2071 993 et
2099 941 2226 995 Ma-

589 999 975 1061 riannensem
1006 1003 1289 1065 videlicet
1315 1006 1501 1067 Nobis
1521 1054 1537 1079 ‚
1565 1020 1626 1069 et
1640 1028 1755 1086 pro
1781 1019 2060 1085 tempore
2099 1012 2224 1071 exi-

586 1079 774 1137 stenti
810 1082 1085 1139 Romano
1116 1084 1392 1155 Pontifici
1434 1085 1594 1145 infra
1631 1107 1898 1157 annum,
1936 1087 2022 1147 ob
2058 1084 2229 1148 loco-

590 1174 727 1235 rum
774 1153 1161 1229 distantiam,
1216 1170 1343 1220 tam
1397 1162 1514 1221 hac
1553 1164 1750 1239 prima
1818 1164 1985 1239 vice,
2030 1168 2228 1242 quani

588 1233 828 1307 quoties
902 1231 1035 1295 illas
1104 1236 1388 1315 deinceps
1465 1243 1682 1317 quovis
1765 1238 1946 1299 modo
2031 1243 2227 1301 etiam

585 1308 753 1383 apud
798 1310 1009 1370 Sedem
1036 1314 1442 1390 Apostolicam
1468 1338 1686 1377 vacare
1721 1318 2048 1393 contigerit
2067 1364 2080 1383 ,
2110 1339 2226 1395 per

590 1386 713 1444 Nos
734 1432 750 1457 ‚
776 1397 839 1446 et
869 1408 985 1464 pro
1006 1400 1282 1467 tempore
1313 1394 1666 1454 existentem
1686 1398 2034 1454 Romanum
2061 1400 2222 1455 Pon·

586 1460 813 1522 tificem
836 1466 1157 1539 praefatum
1192 1470 1258 1528 in
1293 1468 1498 1531 Sancti
1526 1471 1728 1545 Pauli,
1759 1480 1823 1529 et
1853 1472 1917 1530 in
1948 1473 2225 1533 Marian-

582 1542 792 1599 nensis
837 1541 1245 1605 Ecclesiarum
1284 1545 1635 1625 huiusmodi
1690 1549 2030 1625 respective
2077 1552 2221 1628 Epi·-

579 1634 797 1694 scopos
814 1661 831 1689 ‚
854 1630 917 1676 et
934 1623 1207 1681 Pastores
1232 1622 1310 1683 ad
1327 1626 1856 1685 Praesentationem
1875 1626 2218 1701 praefatam,

580 1701 651 1749 et
692 1712 816 1751 non
861 1693 1009 1755 alias
1030 1702 1367 1773 respective
1401 1703 1812 1777 praeficiendas
1849 1724 1864 1760 ε
1906 1702 1994 1761 Ad
2025 1710 2214 1781 majo·

584 1786 715 1825 rem
746 1788 893 1828 vero
922 1784 1063 1846 post
1091 1776 1502 1838 Pontificalem
1524 1826 1540 1852 ‚
1575 1800 1644 1840 ac
1669 1778 1814 1839 alias
1839 1781 2214 1854 Dignitate3‚

580 1846 1027 1921 Canonicatus,
1062 1848 1420 1914 Praebendas
1437 1902 1453 1927 ‚
1488 1877 1602 1916 nec
1625 1876 1751 1916 non
1776 1856 2077 1917 Beneficia
2095 1904 2112 1928 ,
2139 1866 2218 1918 ut

580 1920 906 1995 praefertur
924 1967 940 1993 ,
972 1930 1308 2004 respective
1340 1932 1623 2009 erigenda
1643 1980 1658 2007 ‚
1685 1954 1822 1993 cum
1851 1932 1928 1991 de
1951 1936 2206 1994 Ioannis

581 2000 793 2074 RegiS,
823 2013 885 2061 et
915 2022 1031 2078 pro
1070 2015 1347 2083 tempore
1365 2011 1764 2071 existentium
1796 2015 2028 2087 Regum
2057 2033 2209 2090 prae·

580 2074 851 2136 fatorum
890 2082 1123 2156 pariter
1157 2082 1336 2146 bonis
1383 2086 1595 2148 dotata
1634 2088 1896 2156 fuerint,
1943 2099 2072 2162 tam
2130 2089 2212 2149 ab

582 2171 797 2214 eorum
835 2158 1125 2231 primaeva
1168 2163 1502 2236 erectione,
1535 2185 1718 2242 quam
1753 2186 1824 2224 ex
1861 2175 2010 2225 tunc
2036 2165 2209 2226 dein-

580 2229 752 2306 cepS,
792 2234 1169 2309 quoties'illa
1192 2281 1207 2308 ,
1245 2240 1561 2316 quibusvis
1599 2240 1792 2300 modis
1814 2286 1831 2312 ,
1866 2253 1934 2310 et
1957 2262 2028 2302 ex
2146 2264 2210 2304 o·

578 2324 982 2386 rumcumque
1008 2316 1281 2388 personis
1299 2318 1480 2378 etiam
1501 2319 1662 2395 apud
1691 2317 1902 2377 sedem
1929 2338 2064 2378 eam
2109 2341 2214 2380 em

579 2403 797 2444 vacare
856 2391 1180 2465 contigerit
1216 2436 1233 2462 ,
1297 2397 1592 2471 Episcopo
1641 2396 1845 2455 Sancti
1889 2395 2092 2472 Pauli,
2149 2407 2212 2458 et

576 2460 873 2537 Episcopo
922 2469 1333 2528 Mariannensi
1382 2492 1496 2547 pro
1545 2483 1822 2549 tempore
1872 2475 2210 2548 respective

576 2535 970 2598 existentibus
1006 2541 1168 2602 infra
1196 2548 1528 2608 terminum
1557 2569 1592 2608 a
1621 2554 1758 2625 jure
1790 2549 2104 2625 praefixum
2128 2552 2205 2610 si·

574 2606 806 2698 militer
828 2631 939 2688 per
964 2635 1063 2692 eos
1093 2620 1169 2678 ad
1199 2625 1730 2685 Praesentationem
1753 2627 1989 2702 praefati
2020 2631 2203 2688 Joan·

575 2705 671 2744 ms
708 2689 920 2763 Regis,
960 2701 1023 2752 et
1065 2713 1181 2768 pro
1226 2706 1501 2775 tempore
1542 2703 1922 2762 existentium
1976 2707 2208 2763 Portu-

574 2759 800 2838 g‘alliag,
842 2766 1387 2844 et'Algarbiorum
1425 2780 1658 2854 Regum
1699 2781 1761 2838 in
1810 2781 1950 2854 ipsis
1993 2782 2203 2856 Digni-

574 2838 840 2916 tatibus,
882 2847 1395 2922 eanonicatibus‚
1451 2864 1512 2913 et
1570 2856 1948 2930 Praebendis‚
1981 2877 2052 2916 ac
2093 2861 2206 2919 Be-'

573 2917 805 2978 neficiis
856 2921 1294 3002 instituendam,
1351 2930 1560 2990 eadem
1609 2935 1973 2993 auctoritate
2007 2935 2204 2996 ‘etiarn

572 3007 873 3071 perpetuo
924 3020 1336 3076 reservamus,
1386 3018 1449 3067 et
1498 3009 1932 3086 concedimus,
1979 3015 2205 3072 Decer-

572 3082 789 3132 nentes
814 3079 1285 3152 Juspatronatus
1301 3128 1318 3154 ,
1337 3094 1399 3143 et
1417 3087 1827 3162 praesentandi
1849 3087 2214 3164 huiusmodi

570 3151 834 3221 Joanni,
894 3163 955 3212 et
990 3173 1105 3230 pro
1157 3168 1431 3236 tempore
1483 3163 1878 3223 existentibus
1931 3164 2205 3240 Regibus

569 3226 835 3298 praefatis
866 3248 936 3286 ex
958 3235 1139 3294 meris
1164 3235 1626 3298 fundationibus
1644 3285 1660 3308 ,
1689 3250 1750 3299 et
1777 3241 2054 3300 dotation
2065 3240 2204 3303 ibus

570 3313 947 3379 competere3
993 3305 1204 3385 illique
1243 3315 1428 3372 etiam
1472 3321 1584 3391 pe'r
1626 3313 1841 3376 Sedem
1883 3318 2200 3393 eamdem,

572 3375 768 3468 etiam·
796 3381 1330 3464 consistorialiter,
1371 3412 1756 3527 gnaeumque
1807 3396 2048 3455 ratione
2093 3395 2202 3456 de-

570 3469 771 3526 rogari
811 3475 935 3518 non
972 3479 1179 3540 posse,
1222 3485 1334 3527 nec
1417 3480 1733 3547 erogatum
1765 3472 2032 3549 censeri,
2077 3473 2208 3566 nisi·
