<?xml version="1.0" encoding="UTF-8"?>
<!DOCTYPE html PUBLIC "-//W3C//DTD XHTML 1.0 Transitional//EN"
    "http://www.w3.org/TR/xhtml1/DTD/xhtml1-transitional.dtd">
<html xmlns="http://www.w3.org/1999/xhtml" xml:lang="en" lang="en">
 <head>
  <title>
</title>
<meta http-equiv="Content-Type" content="text/html;charset=utf-8" />
  <meta name='ocr-system' content='tesseract 3.04.00' />
  <meta name='ocr-capabilities' content='ocr_page ocr_carea ocr_par ocr_line ocrx_word'/>
</head>
<body>
  <div class='ocr_page' id='page_1' title='image "benedictipapaex03xivgoog_0246.png"; bbox 0 0 2400 3996; ppageno 0'>
   <div class='ocr_carea' id='block_1_1' title="bbox 601 168 1713 245">
    <p class='ocr_par' dir='ltr' id='par_1_1' title="bbox 601 168 1713 245">
     <span class='ocr_line' id='line_1_1' title="bbox 601 168 1713 245; baseline -0.01 0"><span class='ocrx_word' id='word_1_1' title='bbox 601 178 726 245; x_wconf 81' lang='lat'><strong>240</strong></span> <span class='ocrx_word' id='word_1_2' title='bbox 1089 173 1485 239; x_wconf 74' lang='lat' dir='ltr'><strong>Bmmnicn</strong></span> <span class='ocrx_word' id='word_1_3' title='bbox 1528 168 1713 236; x_wconf 78' lang='lat' dir='ltr'>XIV.</span> 
     </span>
    </p>
   </div>
   <div class='ocr_carea' id='block_1_2' title="bbox 333 278 2247 361">
    <p class='ocr_par' dir='ltr' id='par_1_2' title="bbox 333 278 2247 361">
     <span class='ocr_line' id='line_1_2' title="bbox 333 278 2247 361; baseline -0.004 -11"><span class='ocrx_word' id='word_1_4' title='bbox 333 298 424 350; x_wconf 65' lang='lat'><strong>1²0</strong></span> <span class='ocrx_word' id='word_1_5' title='bbox 443 312 476 348; x_wconf 78' lang='grc' dir='ltr'><strong>ι</strong></span> <span class='ocrx_word' id='word_1_6' title='bbox 491 312 545 348; x_wconf 74' lang='grc' dir='ltr'><strong>τ.</strong></span> <span class='ocrx_word' id='word_1_7' title='bbox 595 285 1017 349; x_wconf 80' lang='lat' dir='ltr'><strong>celebritatem</strong></span> <span class='ocrx_word' id='word_1_8' title='bbox 1039 282 1394 361; x_wconf 81' lang='lat' dir='ltr'><strong>frequentes</strong></span> <span class='ocrx_word' id='word_1_9' title='bbox 1416 290 1839 341; x_wconf 82' lang='lat' dir='ltr'><strong>convenerant</strong></span> <span class='ocrx_word' id='word_1_10' title='bbox 1856 326 1871 350; x_wconf 86' lang='lat'>‚</span> <span class='ocrx_word' id='word_1_11' title='bbox 1892 278 2247 343; x_wconf 84' lang='lat' dir='ltr'><strong>Plenariam·</strong></span> 
     </span>
    </p>
   </div>
   <div class='ocr_carea' id='block_1_3' title="bbox 249 356 2237 515">
    <p class='ocr_par' dir='ltr' id='par_1_3' title="bbox 249 356 2237 515">
     <span class='ocr_line' id='line_1_3' title="bbox 350 356 2237 442; baseline 0 -23"><span class='ocrx_word' id='word_1_12' title='bbox 350 365 527 419; x_wconf 74' lang='lat' dir='ltr'>A.v1.</span> <span class='ocrx_word' id='word_1_13' title='bbox 597 374 990 442; x_wconf 84' lang='lat' dir='ltr'><strong>peccatorum</strong></span> <span class='ocrx_word' id='word_1_14' title='bbox 1023 356 1481 434; x_wconf 85' lang='lat' dir='ltr'><strong>Indulgentiam</strong></span> <span class='ocrx_word' id='word_1_15' title='bbox 1506 357 1986 417; x_wconf 79' lang='lat' dir='ltr'><strong>misericorditer</strong></span> <span class='ocrx_word' id='word_1_16' title='bbox 2019 360 2085 419; x_wconf 86' lang='lat' dir='ltr'><strong>in</strong></span> <span class='ocrx_word' id='word_1_17' title='bbox 2120 364 2237 419; x_wconf 73' lang='lat' dir='ltr'><strong>Do-</strong></span> 
     </span>
     <span class='ocr_line' id='line_1_4' title="bbox 249 436 1311 515; baseline -0.013 -8"><span class='ocrx_word' id='word_1_18' title='bbox 249 456 256 461; x_wconf 86' lang='lat'>&#39;</span> <span class='ocrx_word' id='word_1_19' title='bbox 600 441 772 503; x_wconf 88' lang='lat' dir='ltr'><strong>mino</strong></span> <span class='ocrx_word' id='word_1_20' title='bbox 815 437 1024 515; x_wconf 87' lang='lat' dir='ltr'><strong>largiti</strong></span> <span class='ocrx_word' id='word_1_21' title='bbox 1059 436 1311 498; x_wconf 79' lang='lat' dir='ltr'><strong>fuimus.</strong></span> 
     </span>
    </p>
   </div>
   <div class='ocr_carea' id='block_1_4' title="bbox 605 582 2261 1354">
    <p class='ocr_par' dir='ltr' id='par_1_4' title="bbox 605 582 2261 1354">
     <span class='ocr_line' id='line_1_5' title="bbox 679 582 2243 651; baseline -0.001 -2"><span class='ocrx_word' id='word_1_22' title='bbox 679 590 950 651; x_wconf 79' lang='lat' dir='ltr'><strong>Audiant</strong></span> <span class='ocrx_word' id='word_1_23' title='bbox 995 591 1080 649; x_wconf 83' lang='lat' dir='ltr'><strong>ita</strong></span> <span class='ocrx_word' id='word_1_24' title='bbox 1169 607 1206 648; x_wconf 96' lang='lat' dir='ltr'><strong>e</strong></span> <span class='ocrx_word' id='word_1_25' title='bbox 1266 585 1541 649; x_wconf 80' lang='lat' dir='ltr'><strong>universi</strong></span> <span class='ocrx_word' id='word_1_26' title='bbox 1594 582 1926 647; x_wconf 62' lang='lat' dir='ltr'><strong>Catholicae</strong></span> <span class='ocrx_word' id='word_1_27' title='bbox 1966 583 2243 647; x_wconf 69' lang='lat' dir='ltr'><strong>Ecclesia</strong></span> 
     </span>
     <span class='ocr_line' id='line_1_6' title="bbox 605 658 2247 741; baseline -0.002 -14"><span class='ocrx_word' id='word_1_28' title='bbox 605 665 746 727; x_wconf 77' lang='lat' dir='ltr'><strong>Filii</strong></span> <span class='ocrx_word' id='word_1_29' title='bbox 778 711 796 741; x_wconf 90' lang='lat'>,</span> <span class='ocrx_word' id='word_1_30' title='bbox 845 676 909 727; x_wconf 87' lang='lat' dir='ltr'><strong>et</strong></span> <span class='ocrx_word' id='word_1_31' title='bbox 965 666 1094 726; x_wconf 91' lang='lat' dir='ltr'><strong>inte</strong></span> <span class='ocrx_word' id='word_1_32' title='bbox 1143 665 1316 740; x_wconf 84' lang='lat' dir='ltr'><strong>igant</strong></span> <span class='ocrx_word' id='word_1_33' title='bbox 1366 658 1673 739; x_wconf 86' lang='lat' dir='ltr'><strong>magnalia</strong></span> <span class='ocrx_word' id='word_1_34' title='bbox 1716 664 1880 739; x_wconf 89' lang='lat' dir='ltr'><strong>Dei,</strong></span> <span class='ocrx_word' id='word_1_35' title='bbox 1924 673 2115 741; x_wconf 80' lang='lat' dir='ltr'><strong>atque</strong></span> <span class='ocrx_word' id='word_1_36' title='bbox 2168 661 2247 723; x_wconf 87' lang='lat' dir='ltr'><strong>ad</strong></span> 
     </span>
     <span class='ocr_line' id='line_1_7' title="bbox 605 738 2249 815; baseline -0.004 -10"><span class='ocrx_word' id='word_1_37' title='bbox 605 741 931 805; x_wconf 87' lang='lat' dir='ltr'><strong>Coelestem</strong></span> <span class='ocrx_word' id='word_1_38' title='bbox 987 738 1371 803; x_wconf 79' lang='lat' dir='ltr'><strong>Hierusalem</strong></span> <span class='ocrx_word' id='word_1_39' title='bbox 1436 739 1838 815; x_wconf 85' lang='lat' dir='ltr'><strong>cogitationes</strong></span> <span class='ocrx_word' id='word_1_40' title='bbox 1863 783 1881 813; x_wconf 90' lang='lat'>,</span> <span class='ocrx_word' id='word_1_41' title='bbox 1930 749 1994 799; x_wconf 91' lang='lat' dir='ltr'><strong>et</strong></span> <span class='ocrx_word' id='word_1_42' title='bbox 2060 738 2249 800; x_wconf 81' lang='lat' dir='ltr'><strong>eorda</strong></span> 
     </span>
     <span class='ocr_line' id='line_1_8' title="bbox 607 814 2251 893; baseline -0.002 -14"><span class='ocrx_word' id='word_1_43' title='bbox 607 817 998 881; x_wconf 85' lang='lat' dir='ltr'><strong>sublevantes</strong></span> <span class='ocrx_word' id='word_1_44' title='bbox 1025 862 1042 888; x_wconf 93' lang='lat'><strong>,</strong></span> <span class='ocrx_word' id='word_1_45' title='bbox 1105 822 1355 876; x_wconf 79' lang='lat' dir='ltr'><strong>Beatam</strong></span> <span class='ocrx_word' id='word_1_46' title='bbox 1411 814 1575 875; x_wconf 86' lang='lat' dir='ltr'><strong>hanc</strong></span> <span class='ocrx_word' id='word_1_47' title='bbox 1610 815 1927 893; x_wconf 78' lang='lat' dir='ltr'><strong>Virginem</strong></span> <span class='ocrx_word' id='word_1_48' title='bbox 1971 828 2251 876; x_wconf 83' lang='lat' dir='ltr'><strong>contem·</strong></span> 
     </span>
     <span class='ocr_line' id='line_1_9' title="bbox 607 890 2255 983; baseline -0.002 -30"><span class='ocrx_word' id='word_1_49' title='bbox 607 893 862 972; x_wconf 79' lang='lat' dir='ltr'><strong>plentur</strong></span> <span class='ocrx_word' id='word_1_50' title='bbox 899 892 1166 954; x_wconf 86' lang='lat' dir='ltr'><strong>candido</strong></span> <span class='ocrx_word' id='word_1_51' title='bbox 1221 911 1437 953; x_wconf 87' lang='lat' dir='ltr'><strong>eorum</strong></span> <span class='ocrx_word' id='word_1_52' title='bbox 1476 890 1707 968; x_wconf 79' lang='lat' dir='ltr'><strong>agmini</strong></span> <span class='ocrx_word' id='word_1_53' title='bbox 1736 894 2045 983; x_wconf 35' lang='lat' dir='ltr'><strong>‘soeiatam</strong></span> <span class='ocrx_word' id='word_1_54' title='bbox 2070 937 2091 964; x_wconf 87' lang='lat'><strong>‚</strong></span> <span class='ocrx_word' id='word_1_55' title='bbox 2142 893 2255 969; x_wconf 77' lang='lat' dir='ltr'><strong>qui</strong></span> 
     </span>
     <span class='ocr_line' id='line_1_10' title="bbox 609 968 2258 1121; baseline -0.003 -13"><span class='ocrx_word' id='word_1_56' title='bbox 609 991 802 1108; x_wconf 60' lang='lat' dir='ltr'><strong>iffi?</strong></span> <span class='ocrx_word' id='word_1_57' title='bbox 809 968 2258 1121; x_wconf 52' lang='lat' dir='ltr'><strong>sszffidissffissmpa‘iffiffln351¹&#39;J‘10033f023</strong></span> 
     </span>
     <span class='ocr_line' id='line_1_11' title="bbox 612 1118 2259 1200; baseline -0.004 -15"><span class='ocrx_word' id='word_1_58' title='bbox 612 1128 742 1185; x_wconf 88' lang='lat' dir='ltr'><strong>Deo</strong></span> <span class='ocrx_word' id='word_1_59' title='bbox 774 1142 990 1200; x_wconf 86' lang='lat' dir='ltr'><strong>pacem</strong></span> <span class='ocrx_word' id='word_1_60' title='bbox 1031 1131 1096 1181; x_wconf 90' lang='lat' dir='ltr'><strong>et</strong></span> <span class='ocrx_word' id='word_1_61' title='bbox 1139 1122 1401 1197; x_wconf 77' lang='lat' dir='ltr'><strong>gratiam</strong></span> <span class='ocrx_word' id='word_1_62' title='bbox 1432 1142 1451 1197; x_wconf 66' lang='grc' dir='ltr'>ς</span> <span class='ocrx_word' id='word_1_63' title='bbox 1505 1130 1567 1179; x_wconf 88' lang='lat' dir='ltr'><strong>et</strong></span> <span class='ocrx_word' id='word_1_64' title='bbox 1618 1122 1889 1197; x_wconf 78' lang='lat' dir='ltr'><strong>eiusdem</strong></span> <span class='ocrx_word' id='word_1_65' title='bbox 1942 1118 2259 1197; x_wconf 68' lang='lat' dir='ltr'><strong>pra-elaris</strong></span> 
     </span>
     <span class='ocr_line' id='line_1_12' title="bbox 615 1196 2261 1278; baseline -0.004 -17"><span class='ocrx_word' id='word_1_66' title='bbox 615 1198 903 1278; x_wconf 79' lang='lat' dir='ltr'><strong>exemplis</strong></span> <span class='ocrx_word' id='word_1_67' title='bbox 939 1200 1219 1270; x_wconf 85' lang='lat' dir='ltr'><strong>excitati,</strong></span> <span class='ocrx_word' id='word_1_68' title='bbox 1252 1197 1493 1257; x_wconf 83' lang='lat' dir='ltr'><strong>discant</strong></span> <span class='ocrx_word' id='word_1_69' title='bbox 1526 1198 1803 1273; x_wconf 85' lang='lat' dir='ltr'><strong>peritura</strong></span> <span class='ocrx_word' id='word_1_70' title='bbox 1844 1196 2060 1257; x_wconf 80' lang='lat' dir='ltr'><strong>Mundi</strong></span> <span class='ocrx_word' id='word_1_71' title='bbox 2090 1196 2261 1257; x_wconf 88' lang='lat' dir='ltr'><strong>bona</strong></span> 
     </span>
     <span class='ocr_line' id='line_1_13' title="bbox 617 1272 2259 1354; baseline -0.004 -17"><span class='ocrx_word' id='word_1_72' title='bbox 617 1276 928 1354; x_wconf 83' lang='lat' dir='ltr'><strong>despicere</strong></span> <span class='ocrx_word' id='word_1_73' title='bbox 959 1319 976 1348; x_wconf 89' lang='lat'><strong>,</strong></span> <span class='ocrx_word' id='word_1_74' title='bbox 1021 1285 1088 1334; x_wconf 91' lang='lat' dir='ltr'><strong>et</strong></span> <span class='ocrx_word' id='word_1_75' title='bbox 1135 1294 1248 1351; x_wconf 89' lang='lat' dir='ltr'><strong>per</strong></span> <span class='ocrx_word' id='word_1_76' title='bbox 1301 1274 1673 1335; x_wconf 76' lang='lat' dir='ltr'><strong>innocentiae</strong></span> <span class='ocrx_word' id='word_1_77' title='bbox 1725 1272 2063 1333; x_wconf 85' lang='lat' dir='ltr'><strong>custodiam</strong></span> <span class='ocrx_word' id='word_1_78' title='bbox 2085 1318 2104 1348; x_wconf 89' lang='lat'><strong><em>‚</em></strong></span> <span class='ocrx_word' id='word_1_79' title='bbox 2146 1292 2259 1349; x_wconf 89' lang='lat' dir='ltr'><strong>per</strong></span> 
     </span>
    </p>
   </div>
   <div class='ocr_carea' id='block_1_5' title="bbox 618 1348 2261 1504">
    <p class='ocr_par' dir='ltr' id='par_1_5' title="bbox 618 1348 2261 1504">
     <span class='ocr_line' id='line_1_14' title="bbox 618 1348 2258 1431; baseline -0.004 -17"><span class='ocrx_word' id='word_1_80' title='bbox 618 1352 998 1431; x_wconf 77' lang='lat' dir='ltr'><strong>poenitentiae</strong></span> <span class='ocrx_word' id='word_1_81' title='bbox 1019 1348 1297 1424; x_wconf 88' lang='lat' dir='ltr'><strong>labores,</strong></span> <span class='ocrx_word' id='word_1_82' title='bbox 1324 1370 1439 1427; x_wconf 88' lang='lat' dir='ltr'><strong>per</strong></span> <span class='ocrx_word' id='word_1_83' title='bbox 1452 1349 1825 1410; x_wconf 82' lang='lat' dir='ltr'><strong>Christianae</strong></span> <span class='ocrx_word' id='word_1_84' title='bbox 1842 1350 2103 1412; x_wconf 81' lang='lat' dir='ltr'><strong>virtutis</strong></span> <span class='ocrx_word' id='word_1_85' title='bbox 2132 1358 2258 1409; x_wconf 81' lang='lat' dir='ltr'><strong>stu·</strong></span> 
     </span>
     <span class='ocr_line' id='line_1_15' title="bbox 623 1426 2261 1504; baseline -0.002 -15"><span class='ocrx_word' id='word_1_86' title='bbox 623 1430 796 1489; x_wconf 88' lang='lat' dir='ltr'><strong>dium</strong></span> <span class='ocrx_word' id='word_1_87' title='bbox 835 1474 853 1503; x_wconf 93' lang='lat'><strong>‚</strong></span> <span class='ocrx_word' id='word_1_88' title='bbox 905 1426 986 1488; x_wconf 88' lang='lat' dir='ltr'><strong>ad</strong></span> <span class='ocrx_word' id='word_1_89' title='bbox 1032 1426 1315 1504; x_wconf 65' lang='lat' dir='ltr'><strong>perfecte</strong></span> <span class='ocrx_word' id='word_1_90' title='bbox 1373 1426 1695 1486; x_wconf 85' lang='lat' dir='ltr'><strong>charitatis</strong></span> <span class='ocrx_word' id='word_1_91' title='bbox 1712 1471 1729 1500; x_wconf 94' lang='lat'>‚</span> <span class='ocrx_word' id='word_1_92' title='bbox 1774 1438 1839 1486; x_wconf 88' lang='lat' dir='ltr'><strong>et</strong></span> <span class='ocrx_word' id='word_1_93' title='bbox 1874 1426 2261 1503; x_wconf 70' lang='lat' dir='ltr'><strong>sempiterne</strong></span> 
     </span>
    </p>
   </div>
   <div class='ocr_carea' id='block_1_6' title="bbox 623 1500 2263 1657">
    <p class='ocr_par' dir='ltr' id='par_1_6' title="bbox 623 1500 2263 1657">
     <span class='ocr_line' id='line_1_16' title="bbox 624 1500 2263 1581; baseline -0.002 -16"><span class='ocrx_word' id='word_1_94' title='bbox 624 1505 930 1566; x_wconf 78' lang='lat' dir='ltr'><strong>felicitatis</strong></span> <span class='ocrx_word' id='word_1_95' title='bbox 959 1508 1239 1581; x_wconf 86' lang='lat' dir='ltr'><strong>Regnum</strong></span> <span class='ocrx_word' id='word_1_96' title='bbox 1257 1546 1275 1574; x_wconf 86' lang='lat'>‚</span> <span class='ocrx_word' id='word_1_97' title='bbox 1306 1501 1387 1565; x_wconf 88' lang='lat' dir='ltr'><strong>ad</strong></span> <span class='ocrx_word' id='word_1_98' title='bbox 1412 1500 1687 1563; x_wconf 84' lang='lat' dir='ltr'><strong>Coelestis</strong></span> <span class='ocrx_word' id='word_1_99' title='bbox 1714 1501 1940 1563; x_wconf 82' lang='lat' dir='ltr'><strong>Gloriae</strong></span> <span class='ocrx_word' id='word_1_100' title='bbox 1967 1521 2263 1562; x_wconf 85' lang='lat' dir='ltr'><strong>eoronam</strong></span> 
     </span>
     <span class='ocr_line' id='line_1_17' title="bbox 623 1578 2261 1657; baseline -0.002 -16"><span class='ocrx_word' id='word_1_101' title='bbox 623 1581 1000 1643; x_wconf 84' lang='lat' dir='ltr'><strong>contendere</strong></span> <span class='ocrx_word' id='word_1_102' title='bbox 1018 1625 1036 1654; x_wconf 93' lang='lat'><strong>‚</strong></span> <span class='ocrx_word' id='word_1_103' title='bbox 1074 1600 1185 1657; x_wconf 87' lang='lat' dir='ltr'><strong>per</strong></span> <span class='ocrx_word' id='word_1_104' title='bbox 1228 1578 1547 1641; x_wconf 85' lang='lat' dir='ltr'><strong>Christum</strong></span> <span class='ocrx_word' id='word_1_105' title='bbox 1583 1580 1919 1639; x_wconf 87' lang='lat' dir='ltr'><strong>Dominum</strong></span> <span class='ocrx_word' id='word_1_106' title='bbox 1954 1588 2261 1639; x_wconf 83' lang='lat' dir='ltr'><strong>nostrum.</strong></span> 
     </span>
    </p>
   </div>
   <div class='ocr_carea' id='block_1_7' title="bbox 331 1718 2271 1917">
    <p class='ocr_par' dir='ltr' id='par_1_7' title="bbox 331 1718 2271 1917">
     <span class='ocr_line' id='line_1_18' title="bbox 331 1718 2264 1836; baseline -0.004 -39"><span class='ocrx_word' id='word_1_107' title='bbox 331 1718 606 1836; x_wconf 33' lang='lat' dir='ltr'><strong>“Praesen.</strong></span> <span class='ocrx_word' id='word_1_108' title='bbox 704 1732 944 1792; x_wconf 87' lang='lat' dir='ltr'><strong>Idcirco</strong></span> <span class='ocrx_word' id='word_1_109' title='bbox 993 1731 1303 1807; x_wconf 59' lang='lat' dir='ltr'><strong>praemissa</strong></span> <span class='ocrx_word' id='word_1_110' title='bbox 1360 1732 1567 1791; x_wconf 86' lang='lat' dir='ltr'><strong>omnia</strong></span> <span class='ocrx_word' id='word_1_111' title='bbox 1613 1729 1693 1789; x_wconf 82' lang='lat' dir='ltr'><strong>ad</strong></span> <span class='ocrx_word' id='word_1_112' title='bbox 1739 1728 2102 1791; x_wconf 82' lang='lat' dir='ltr'><strong>universalis</strong></span> <span class='ocrx_word' id='word_1_113' title='bbox 2159 1732 2264 1789; x_wconf 87' lang='lat' dir='ltr'><strong>Ee·</strong></span> 
     </span>
     <span class='ocr_line' id='line_1_19' title="bbox 331 1789 2271 1917; baseline -0.008 -43"><span class='ocrx_word' id='word_1_114' title='bbox 331 1789 608 1917; x_wconf 45' lang='lat' dir='ltr'><strong>„mags”</strong></span> <span class='ocrx_word' id='word_1_115' title='bbox 631 1806 826 1869; x_wconf 76' lang='lat' dir='ltr'><strong>elesiae</strong></span> <span class='ocrx_word' id='word_1_116' title='bbox 877 1810 1166 1867; x_wconf 84' lang='lat' dir='ltr'><strong>notitiam</strong></span> <span class='ocrx_word' id='word_1_117' title='bbox 1214 1805 1435 1866; x_wconf 87' lang='lat' dir='ltr'><strong>deduci</strong></span> <span class='ocrx_word' id='word_1_118' title='bbox 1464 1852 1481 1881; x_wconf 89' lang='lat'>‚</span> <span class='ocrx_word' id='word_1_119' title='bbox 1530 1819 1979 1884; x_wconf 72' lang='lat' dir='ltr'><strong>praesentesque</strong></span> <span class='ocrx_word' id='word_1_120' title='bbox 2032 1814 2271 1865; x_wconf 73' lang='lat' dir='ltr'><strong>nostras</strong></span> 
     </span>
    </p>
   </div>
   <div class='ocr_carea' id='block_1_8' title="bbox 331 1884 2271 2038">
    <p class='ocr_par' dir='ltr' id='par_1_8' title="bbox 331 1884 2271 2038">
     <span class='ocr_line' id='line_1_20' title="bbox 331 1884 2269 1969; baseline -0.005 -19"><span class='ocrx_word' id='word_1_121' title='bbox 331 1916 613 1969; x_wconf 71' lang='lat' dir='ltr'><strong>auctorita·</strong></span> <span class='ocrx_word' id='word_1_122' title='bbox 633 1886 864 1945; x_wconf 84' lang='lat' dir='ltr'><strong>Literas</strong></span> <span class='ocrx_word' id='word_1_123' title='bbox 894 1884 970 1944; x_wconf 90' lang='lat' dir='ltr'><strong>ad</strong></span> <span class='ocrx_word' id='word_1_124' title='bbox 999 1892 1365 1961; x_wconf 85' lang='lat' dir='ltr'><strong>perpetuam</strong></span> <span class='ocrx_word' id='word_1_125' title='bbox 1400 1885 1494 1944; x_wconf 83' lang='lat' dir='ltr'><strong>rei</strong></span> <span class='ocrx_word' id='word_1_126' title='bbox 1522 1886 1879 1944; x_wconf 83' lang='lat' dir='ltr'><strong>memoriam</strong></span> <span class='ocrx_word' id='word_1_127' title='bbox 1917 1892 2129 1942; x_wconf 84' lang='lat' dir='ltr'><strong>extare</strong></span> <span class='ocrx_word' id='word_1_128' title='bbox 2166 1899 2269 1944; x_wconf 83' lang='lat' dir='ltr'><strong>vo·</strong></span> 
     </span>
     <span class='ocr_line' id='line_1_21' title="bbox 337 1958 2271 2038; baseline -0.01 -2"><span class='ocrx_word' id='word_1_129' title='bbox 337 1983 608 2038; x_wconf 79' lang='lat' dir='ltr'><strong>tribuitur.</strong></span> <span class='ocrx_word' id='word_1_130' title='bbox 635 1960 863 2022; x_wconf 72' lang='lat' dir='ltr'><strong>luimus</strong></span> <span class='ocrx_word' id='word_1_131' title='bbox 904 1981 924 2037; x_wconf 72' lang='grc' dir='ltr'><strong>ς</strong></span> <span class='ocrx_word' id='word_1_132' title='bbox 973 1960 1371 2034; x_wconf 85' lang='lat' dir='ltr'><strong>mandantes,</strong></span> <span class='ocrx_word' id='word_1_133' title='bbox 1424 1970 1498 2022; x_wconf 90' lang='lat' dir='ltr'><strong>ut</strong></span> <span class='ocrx_word' id='word_1_134' title='bbox 1549 1958 1775 2021; x_wconf 88' lang='lat' dir='ltr'><strong>harum</strong></span> <span class='ocrx_word' id='word_1_135' title='bbox 1828 1959 2231 2035; x_wconf 86' lang='lat' dir='ltr'><strong>transumptis</strong></span> <span class='ocrx_word' id='word_1_136' title='bbox 2254 2001 2271 2030; x_wconf 93' lang='lat'>‚</span> 
     </span>
    </p>
   </div>
   <div class='ocr_carea' id='block_1_9' title="bbox 634 2033 2279 2354">
    <p class='ocr_par' dir='ltr' id='par_1_9' title="bbox 634 2033 2279 2354">
     <span class='ocr_line' id='line_1_22' title="bbox 634 2033 2273 2114; baseline -0.003 -15"><span class='ocrx_word' id='word_1_137' title='bbox 634 2040 765 2099; x_wconf 80' lang='lat' dir='ltr'><strong>sive</strong></span> <span class='ocrx_word' id='word_1_138' title='bbox 803 2036 1132 2114; x_wconf 85' lang='lat' dir='ltr'><strong>exemplis,</strong></span> <span class='ocrx_word' id='word_1_139' title='bbox 1171 2039 1359 2096; x_wconf 86' lang='lat' dir='ltr'><strong>etiam</strong></span> <span class='ocrx_word' id='word_1_140' title='bbox 1400 2037 1707 2114; x_wconf 83' lang='lat' dir='ltr'><strong>impressis</strong></span> <span class='ocrx_word' id='word_1_141' title='bbox 1726 2081 1743 2113; x_wconf 87' lang='lat'><strong>,</strong></span> <span class='ocrx_word' id='word_1_142' title='bbox 1784 2055 1974 2098; x_wconf 87' lang='lat' dir='ltr'><strong>manu</strong></span> <span class='ocrx_word' id='word_1_143' title='bbox 2018 2033 2273 2113; x_wconf 77' lang='lat' dir='ltr'><strong>alicuius</strong></span> 
     </span>
     <span class='ocr_line' id='line_1_23' title="bbox 634 2111 2273 2191; baseline -0.005 -14"><span class='ocrx_word' id='word_1_144' title='bbox 634 2115 876 2177; x_wconf 84' lang='lat' dir='ltr'><strong>Notarii</strong></span> <span class='ocrx_word' id='word_1_145' title='bbox 918 2112 1153 2191; x_wconf 86' lang='lat' dir='ltr'><strong>publici</strong></span> <span class='ocrx_word' id='word_1_146' title='bbox 1191 2113 1551 2191; x_wconf 82' lang='lat' dir='ltr'><strong>subscriptis</strong></span> <span class='ocrx_word' id='word_1_147' title='bbox 1579 2159 1601 2187; x_wconf 83' lang='grc'>,</span> <span class='ocrx_word' id='word_1_148' title='bbox 1644 2124 1709 2173; x_wconf 89' lang='lat' dir='ltr'><strong>et</strong></span> <span class='ocrx_word' id='word_1_149' title='bbox 1760 2111 1957 2190; x_wconf 87' lang='lat' dir='ltr'><strong>sigillo</strong></span> <span class='ocrx_word' id='word_1_150' title='bbox 2000 2129 2273 2189; x_wconf 68' lang='lat' dir='ltr'><strong>persona</strong></span> 
     </span>
     <span class='ocr_line' id='line_1_24' title="bbox 637 2187 2274 2266; baseline -0.004 -12"><span class='ocrx_word' id='word_1_151' title='bbox 637 2193 704 2254; x_wconf 87' lang='lat' dir='ltr'><strong>in</strong></span> <span class='ocrx_word' id='word_1_152' title='bbox 757 2189 1176 2252; x_wconf 85' lang='lat' dir='ltr'><strong>Ecclesiastiea</strong></span> <span class='ocrx_word' id='word_1_153' title='bbox 1224 2187 1524 2266; x_wconf 80' lang='lat' dir='ltr'><strong>dignitate</strong></span> <span class='ocrx_word' id='word_1_154' title='bbox 1568 2190 1917 2250; x_wconf 65' lang='lat' dir='ltr'><strong>constitutae</strong></span> <span class='ocrx_word' id='word_1_155' title='bbox 1973 2189 2229 2248; x_wconf 84' lang='lat' dir='ltr'><strong>munitis</strong></span> <span class='ocrx_word' id='word_1_156' title='bbox 2257 2230 2274 2259; x_wconf 90' lang='lat'><strong>,</strong></span> 
     </span>
     <span class='ocr_line' id='line_1_25' title="bbox 635 2264 2279 2354; baseline -0.003 -25"><span class='ocrx_word' id='word_1_157' title='bbox 635 2267 850 2329; x_wconf 86' lang='lat' dir='ltr'><strong>eadem</strong></span> <span class='ocrx_word' id='word_1_158' title='bbox 879 2287 1132 2345; x_wconf 89' lang='lat' dir='ltr'><strong>prorsus</strong></span> <span class='ocrx_word' id='word_1_159' title='bbox 1157 2266 1307 2326; x_wconf 83' lang='lat' dir='ltr'><strong>fides</strong></span> <span class='ocrx_word' id='word_1_160' title='bbox 1344 2266 1425 2326; x_wconf 85' lang='lat' dir='ltr'><strong>ab</strong></span> <span class='ocrx_word' id='word_1_161' title='bbox 1449 2264 1736 2326; x_wconf 87' lang='lat' dir='ltr'><strong>omnibus</strong></span> <span class='ocrx_word' id='word_1_162' title='bbox 1771 2265 2113 2339; x_wconf 86' lang='lat' dir='ltr'><strong>habeatur,</strong></span> <span class='ocrx_word' id='word_1_163' title='bbox 2146 2283 2279 2354; x_wconf 59' lang='lat' dir='ltr'><strong>quat</strong></span> 
     </span>
    </p>
   </div>
   <div class='ocr_carea' id='block_1_10' title="bbox 639 2340 2280 2496">
    <p class='ocr_par' dir='ltr' id='par_1_10' title="bbox 639 2340 2280 2496">
     <span class='ocr_line' id='line_1_26' title="bbox 639 2340 2280 2423; baseline -0.003 -18"><span class='ocrx_word' id='word_1_164' title='bbox 639 2347 786 2420; x_wconf 86' lang='lat' dir='ltr'><strong>ipsis</strong></span> <span class='ocrx_word' id='word_1_165' title='bbox 829 2343 1235 2423; x_wconf 74' lang='lat' dir='ltr'><strong>praesentibus</strong></span> <span class='ocrx_word' id='word_1_166' title='bbox 1284 2341 1685 2404; x_wconf 86' lang='lat' dir='ltr'><strong>adhiberetur</strong></span> <span class='ocrx_word' id='word_1_167' title='bbox 1710 2387 1729 2417; x_wconf 92' lang='lat'>‚</span> <span class='ocrx_word' id='word_1_168' title='bbox 1768 2345 1821 2402; x_wconf 88' lang='lat' dir='ltr'><strong>si</strong></span> <span class='ocrx_word' id='word_1_169' title='bbox 1860 2343 2067 2404; x_wconf 84' lang='lat' dir='ltr'><strong>forent</strong></span> <span class='ocrx_word' id='word_1_170' title='bbox 2112 2340 2280 2400; x_wconf 75' lang='lat' dir='ltr'><strong>exhi·</strong></span> 
     </span>
     <span class='ocr_line' id='line_1_27' title="bbox 640 2418 1282 2496; baseline -0.005 -16"><span class='ocrx_word' id='word_1_171' title='bbox 640 2418 786 2481; x_wconf 82' lang='lat' dir='ltr'><strong>bitae</strong></span> <span class='ocrx_word' id='word_1_172' title='bbox 811 2465 830 2496; x_wconf 86' lang='lat'>,</span> <span class='ocrx_word' id='word_1_173' title='bbox 865 2419 966 2481; x_wconf 80' lang='lat' dir='ltr'><strong>vel</strong></span> <span class='ocrx_word' id='word_1_174' title='bbox 1005 2433 1282 2482; x_wconf 68' lang='lat' dir='ltr'><strong>ostensae.</strong></span> 
     </span>
    </p>
   </div>
   <div class='ocr_carea' id='block_1_11' title="bbox 411 2567 2292 3106">
    <p class='ocr_par' dir='ltr' id='par_1_11' title="bbox 411 2567 2292 3106">
     <span class='ocr_line' id='line_1_28' title="bbox 411 2567 2285 2646; baseline -0.002 -15"><span class='ocrx_word' id='word_1_175' title='bbox 411 2570 630 2636; x_wconf 57' lang='lat' dir='ltr'><strong>sanctio,</strong></span> <span class='ocrx_word' id='word_1_176' title='bbox 720 2569 891 2631; x_wconf 85' lang='lat' dir='ltr'><strong>Nulli</strong></span> <span class='ocrx_word' id='word_1_177' title='bbox 929 2590 1078 2646; x_wconf 90' lang='lat' dir='ltr'><strong>ergo</strong></span> <span class='ocrx_word' id='word_1_178' title='bbox 1117 2572 1375 2630; x_wconf 90' lang='lat' dir='ltr'><strong>omnino</strong></span> <span class='ocrx_word' id='word_1_179' title='bbox 1414 2570 1739 2631; x_wconf 85' lang='lat' dir='ltr'><strong>hominum</strong></span> <span class='ocrx_word' id='word_1_180' title='bbox 1778 2567 1961 2630; x_wconf 86' lang='lat' dir='ltr'><strong>liceat</strong></span> <span class='ocrx_word' id='word_1_181' title='bbox 1996 2569 2285 2646; x_wconf 86' lang='lat' dir='ltr'><strong>paginam</strong></span> 
     </span>
     <span class='ocr_line' id='line_1_29' title="bbox 644 2644 2284 2722; baseline -0.001 -16"><span class='ocrx_word' id='word_1_182' title='bbox 644 2644 806 2706; x_wconf 88' lang='lat' dir='ltr'><strong>hanc</strong></span> <span class='ocrx_word' id='word_1_183' title='bbox 829 2656 1054 2706; x_wconf 77' lang='lat' dir='ltr'><strong>nostrae</strong></span> <span class='ocrx_word' id='word_1_184' title='bbox 1076 2644 1459 2706; x_wconf 82' lang='lat' dir='ltr'><strong>definitionis</strong></span> <span class='ocrx_word' id='word_1_185' title='bbox 1473 2692 1492 2720; x_wconf 89' lang='lat'>,</span> <span class='ocrx_word' id='word_1_186' title='bbox 1518 2646 1784 2721; x_wconf 87' lang='lat' dir='ltr'><strong>decreti,</strong></span> <span class='ocrx_word' id='word_1_187' title='bbox 1813 2645 2249 2722; x_wconf 85' lang='lat' dir='ltr'><strong>adscriptionis</strong></span> <span class='ocrx_word' id='word_1_188' title='bbox 2266 2689 2284 2717; x_wconf 92' lang='lat'>‚</span> 
     </span>
     <span class='ocr_line' id='line_1_30' title="bbox 644 2719 2286 2797; baseline 0 -15"><span class='ocrx_word' id='word_1_189' title='bbox 644 2720 962 2797; x_wconf 84' lang='lat' dir='ltr'><strong>mandati,</strong></span> <span class='ocrx_word' id='word_1_190' title='bbox 1003 2723 1221 2782; x_wconf 81' lang='lat' dir='ltr'><strong>statuti</strong></span> <span class='ocrx_word' id='word_1_191' title='bbox 1238 2765 1256 2794; x_wconf 95' lang='lat'>‚</span> <span class='ocrx_word' id='word_1_192' title='bbox 1310 2719 1703 2783; x_wconf 83' lang='lat' dir='ltr'><strong>relaxationis</strong></span> <span class='ocrx_word' id='word_1_193' title='bbox 1721 2766 1739 2794; x_wconf 86' lang='lat'>‚</span> <span class='ocrx_word' id='word_1_194' title='bbox 1793 2731 1858 2781; x_wconf 89' lang='lat' dir='ltr'><strong>et</strong></span> <span class='ocrx_word' id='word_1_195' title='bbox 1908 2719 2244 2782; x_wconf 84' lang='lat' dir='ltr'><strong>voluntatis</strong></span> <span class='ocrx_word' id='word_1_196' title='bbox 2266 2760 2286 2790; x_wconf 88' lang='lat'><strong>,</strong></span> 
     </span>
     <span class='ocr_line' id='line_1_31' title="bbox 647 2796 2289 2874; baseline -0.001 -16"><span class='ocrx_word' id='word_1_197' title='bbox 647 2798 1019 2874; x_wconf 87' lang='lat' dir='ltr'><strong>infringere,</strong></span> <span class='ocrx_word' id='word_1_198' title='bbox 1054 2796 1250 2858; x_wconf 66' lang='lat' dir='ltr'><strong>vel=ei</strong></span> <span class='ocrx_word' id='word_1_199' title='bbox 1286 2817 1441 2858; x_wconf 83' lang='lat' dir='ltr'><strong>ausu</strong></span> <span class='ocrx_word' id='word_1_200' title='bbox 1484 2797 1813 2858; x_wconf 77' lang='lat' dir='ltr'><strong>temerario</strong></span> <span class='ocrx_word' id='word_1_201' title='bbox 1862 2799 2199 2858; x_wconf 84' lang='lat' dir='ltr'><strong>contraire.</strong></span> <span class='ocrx_word' id='word_1_202' title='bbox 2228 2798 2289 2856; x_wconf 80' lang='lat' dir='ltr'><strong>Si</strong></span> 
     </span>
     <span class='ocr_line' id='line_1_32' title="bbox 649 2871 2289 2952; baseline -0.002 -18"><span class='ocrx_word' id='word_1_203' title='bbox 649 2877 787 2952; x_wconf 86' lang='lat' dir='ltr'><strong>quis</strong></span> <span class='ocrx_word' id='word_1_204' title='bbox 806 2884 1018 2935; x_wconf 87' lang='lat' dir='ltr'><strong>autem</strong></span> <span class='ocrx_word' id='word_1_205' title='bbox 1041 2873 1162 2934; x_wconf 89' lang='lat' dir='ltr'><strong>hoc</strong></span> <span class='ocrx_word' id='word_1_206' title='bbox 1183 2883 1493 2934; x_wconf 86' lang='lat' dir='ltr'><strong>attentare</strong></span> <span class='ocrx_word' id='word_1_207' title='bbox 1510 2874 1995 2951; x_wconf 65' lang='lat' dir='ltr'><strong>praesumpserit,</strong></span> <span class='ocrx_word' id='word_1_208' title='bbox 2010 2871 2289 2949; x_wconf 84' lang='lat' dir='ltr'><strong>indigna·</strong></span> 
     </span>
     <span class='ocr_line' id='line_1_33' title="bbox 649 2951 2292 3028; baseline -0.003 -16"><span class='ocrx_word' id='word_1_209' title='bbox 649 2953 888 3014; x_wconf 86' lang='lat' dir='ltr'><strong>tionem</strong></span> <span class='ocrx_word' id='word_1_210' title='bbox 927 2952 1389 3028; x_wconf 79' lang='lat' dir='ltr'><strong>Omnipotentis</strong></span> <span class='ocrx_word' id='word_1_211' title='bbox 1414 2953 1561 3025; x_wconf 86' lang='lat' dir='ltr'><strong>Dei,</strong></span> <span class='ocrx_word' id='word_1_212' title='bbox 1584 2971 1655 3010; x_wconf 86' lang='lat' dir='ltr'><strong>ac</strong></span> <span class='ocrx_word' id='word_1_213' title='bbox 1686 2955 2015 3010; x_wconf 88' lang='lat' dir='ltr'><strong>Beatorum</strong></span> <span class='ocrx_word' id='word_1_214' title='bbox 2036 2951 2209 3009; x_wconf 86' lang='lat' dir='ltr'><strong>Petri</strong></span> <span class='ocrx_word' id='word_1_215' title='bbox 2226 2957 2292 3008; x_wconf 89' lang='lat' dir='ltr'><strong>et</strong></span> 
     </span>
     <span class='ocr_line' id='line_1_34' title="bbox 651 3027 2289 3106; baseline -0.005 -16"><span class='ocrx_word' id='word_1_216' title='bbox 651 3027 826 3090; x_wconf 86' lang='lat' dir='ltr'><strong>Pauli</strong></span> <span class='ocrx_word' id='word_1_217' title='bbox 862 3027 1301 3106; x_wconf 82' lang='lat' dir='ltr'><strong>Apostolorum</strong></span> <span class='ocrx_word' id='word_1_218' title='bbox 1330 3034 1461 3105; x_wconf 81' lang='lat' dir='ltr'><strong>eius</strong></span> <span class='ocrx_word' id='word_1_219' title='bbox 1491 3048 1554 3089; x_wconf 91' lang='lat' dir='ltr'><strong>se</strong></span> <span class='ocrx_word' id='word_1_220' title='bbox 1594 3028 1843 3090; x_wconf 79' lang='lat' dir='ltr'><strong>noverit</strong></span> <span class='ocrx_word' id='word_1_221' title='bbox 1872 3027 2289 3087; x_wconf 86' lang='lat' dir='ltr'><strong>incursurum.</strong></span> 
     </span>
    </p>
   </div>
   <div class='ocr_carea' id='block_1_12' title="bbox 356 3165 2297 3501">
    <p class='ocr_par' dir='ltr' id='par_1_12' title="bbox 356 3165 2297 3501">
     <span class='ocr_line' id='line_1_35' title="bbox 356 3165 2297 3286; baseline -0.006 -39"><span class='ocrx_word' id='word_1_222' title='bbox 356 3165 634 3286; x_wconf 48' lang='lat' dir='ltr'><strong>llssafu‘ln‘</strong></span> <span class='ocrx_word' id='word_1_223' title='bbox 734 3185 972 3270; x_wconf 47' lang='lat' dir='ltr'><strong>Datum·</strong></span> <span class='ocrx_word' id='word_1_224' title='bbox 1009 3185 1219 3270; x_wconf 76' lang='lat' dir='ltr'><strong>Romae</strong></span> <span class='ocrx_word' id='word_1_225' title='bbox 1274 3179 1439 3273; x_wconf 73' lang='lat' dir='ltr'><strong>apud</strong></span> <span class='ocrx_word' id='word_1_226' title='bbox 1492 3184 1785 3242; x_wconf 82' lang='lat' dir='ltr'><strong>Sanctum</strong></span> <span class='ocrx_word' id='word_1_227' title='bbox 1822 3184 2073 3240; x_wconf 80' lang='lat' dir='ltr'><strong>Petrum</strong></span> <span class='ocrx_word' id='word_1_228' title='bbox 2110 3181 2297 3238; x_wconf 82' lang='lat' dir='ltr'><strong>Anno</strong></span> 
     </span>
     <span class='ocr_line' id='line_1_36' title="bbox 358 3257 2293 3356; baseline -0.007 -31"><span class='ocrx_word' id='word_1_229' title='bbox 358 3307 520 3356; x_wconf 56' lang='lat' dir='ltr'><strong>Amo</strong></span> <span class='ocrx_word' id='word_1_230' title='bbox 543 3301 634 3350; x_wconf 48' lang='lat' dir='ltr'><strong>w·</strong></span> <span class='ocrx_word' id='word_1_231' title='bbox 661 3261 1114 3346; x_wconf 61' lang='lat' dir='ltr'><strong>Incarnationis</strong></span> <span class='ocrx_word' id='word_1_232' title='bbox 1155 3263 1487 3348; x_wconf 57' lang='lat' dir='ltr'><strong>Domimeae</strong></span> <span class='ocrx_word' id='word_1_233' title='bbox 1522 3259 1961 3345; x_wconf 69' lang='lat' dir='ltr'>MDCCXJNI.</span> <span class='ocrx_word' id='word_1_234' title='bbox 1992 3299 2009 3329; x_wconf 91' lang='lat'><strong>,</strong></span> <span class='ocrx_word' id='word_1_235' title='bbox 2046 3272 2134 3313; x_wconf 85' lang='lat' dir='ltr'><strong>m.</strong></span> <span class='ocrx_word' id='word_1_236' title='bbox 2178 3257 2293 3312; x_wconf 82' lang='lat' dir='ltr'><strong>Ka·</strong></span> 
     </span>
     <span class='ocr_line' id='line_1_37' title="bbox 358 3325 2293 3501; baseline -0.005 -105"><span class='ocrx_word' id='word_1_237' title='bbox 358 3330 874 3501; x_wconf 50' lang='lat' dir='ltr'><strong>2‚¹55251&gt;7{:‹‚5„lendas</strong></span> <span class='ocrx_word' id='word_1_238' title='bbox 921 3331 1068 3393; x_wconf 80' lang='lat' dir='ltr'><strong>Julu</strong></span> <span class='ocrx_word' id='word_1_239' title='bbox 1107 3378 1124 3408; x_wconf 88' lang='lat'>,</span> <span class='ocrx_word' id='word_1_240' title='bbox 1158 3334 1555 3396; x_wconf 78' lang='lat' dir='ltr'><strong>Pontificatus</strong></span> <span class='ocrx_word' id='word_1_241' title='bbox 1597 3325 1811 3394; x_wconf 78' lang='lat' dir='ltr'><strong>Nostri</strong></span> <span class='ocrx_word' id='word_1_242' title='bbox 1854 3334 2039 3393; x_wconf 78' lang='lat' dir='ltr'><strong>Anno</strong></span> <span class='ocrx_word' id='word_1_243' title='bbox 2096 3333 2293 3389; x_wconf 80' lang='lat' dir='ltr'><strong>Sexto.</strong></span> 
     </span>
    </p>
   </div>
   <div class='ocr_carea' id='block_1_13' title="bbox 2058 3505 2298 3579">
    <p class='ocr_par' dir='ltr' id='par_1_13' title="bbox 2058 3505 2298 3579">
     <span class='ocr_line' id='line_1_38' title="bbox 2058 3505 2298 3579; baseline 0.004 -1"><span class='ocrx_word' id='word_1_244' title='bbox 2058 3505 2298 3579; x_wconf 63' lang='lat' dir='ltr'><strong>fflEgo</strong></span> 
     </span>
    </p>
   </div>
  </div>
 </body>
</html>
