2400 3996
587 177 708 264 194
789 185 795 198 '
1129 171 1520 237 BENamcn
1565 167 1743 235 XIV.

311 297 520 356 Patr,
577 285 767 357 lium,
821 301 1004 358 quam
1059 271 1501 342 Consultor'um
1565 272 1991 340 die'secuuda
2049 281 2231 342 Junii

329 369 392 416 A·
415 361 506 422 vi.
576 360 746 422 Auni
773 362 1212 423 MDCCXLIV.
1246 377 1451 418 coram
1486 357 1675 416 Nobis
1708 357 2065 432 coegimus,¹

651 441 730 497 Et
779 439 1060 514 quamvis
1097 456 1166 496 ex
1202 446 1331 494 tam
1360 435 1658 511 exquisita
1686 453 1895 493 rerum
1937 432 2225 496 omnium

577 513 950 574 discussione
985 555 1001 584 ,
1053 533 1125 572 ex
1194 511 1630 571 Consultorum
1688 509 1991 586 suffragiis
2016 551 2032 579 ‚
2091 531 2228 590 quae

577 591 764 652 Nobis
820 602 1000 650 antea
1057 591 1124 650 in
1176 589 1417 666 scriptis
1482 586 1691 648 oblata
1730 587 2181 665 perpendimus
2210 632 2225 659 ‚

577 669 729 744 quin
769 670 952 727 etiam
991 669 1057 725 in
1099 666 1517 725 summarium
1552 666 1800 724 redacta
1842 665 2041 724 eidem
2066 669 2231 725 Car-

577 741 879 804 dinalium
923 742 1399 820 congregationi
1444 763 1557 819 per
1592 744 2005 818 Nosmetipsos
2037 761 2221 819 expo·

578 823 846 892 suimus,
903 841 974 879 ac
1029 821 1296 896 denique
1343 839 1411 877 ex
1465 817 1733 878 consiliis
1785 818 2228 895 praedictorum

576 895 1040 958 venerabilium
1100 901 1392 955 Fratrum
1450 899 1817 956 Nostrorum
1871 897 1937 954 in
2008 895 2227 955 eadem

577 975 1066 1050 Congregatione
1090 994 1123 1031 a
1154 973 1342 1033 Nobis
1371 971 1630 1048 auditis,
1678 977 1793 1031 'am
1826 975 1973 1031 satis
2013 975 2227 1034 omnia

575 1051 777 1110 videri
809 1051 1154 1128 potuissent
1189 1049 1525 1110 clarissima
1564 1051 1629 1110 in
1693 1069 1805 1109 uce
1852 1046 2159 1109 collocata
2203 1069 2222 1108 ε

573 1127 987 1189 Nihilominus
1019 1173 1036 1200 ,
1085 1136 1160 1186 ut
1222 1128 1571 1186 uberiorem
1626 1125 1904 1186 Coelestis
1971 1124 2226 1185 luminis

575 1207 834 1284 gratiam
871 1207 1295 1280 perseveranti
1329 1205 1613 1263 oratione
1654 1205 1983 1280 impetrare
2028 1223 2222 1262 mere·

575 1301 821 1353 remur,
847 1287 1132 1341 Nostram
1165 1281 1367 1342 adhuc
1399 1279 1765 1341 sententiam
1790 1280 2069 1356 proferre
2100 1280 2219 1338 dis·

575 1357 862 1432 tulimuS,
882 1379 1075 1436 usque
1105 1359 1184 1418 ad
1213 1358 1377 1417 diem
1400 1362 1645 1417 Festum
1684 1356 1744 1415 S.
1776 1356 2224 1415 Bonaventurae

575 1436 848 1514 ejusdem
877 1437 1126 1495 Ordinis
1163 1441 1447 1495 Fratrum
1468 1436 1775 1497 Minorum
1801 1433 2005 1492 Sancti
2026 1438 2219 1494 Fran·

573 1514 756 1588 cisci3
805 1533 927 1588 quo
973 1511 1107 1583 die,
1150 1511 1459 1572 celebrata
1503 1513 1679 1571 Missa
1726 1510 1790 1569 in
1842 1508 2109 1569 Ecclesia
2157 1513 2219 1569 S.

573 1591 779 1648 Mariae
837 1587 1148 1648 Ara-Coeli
1194 1598 1586 1664 nuncupata,
1635 1585 1892 1647 solemni
1959 1589 2220 1646 Decreto

575 1664 742 1725 edito
762 1706 781 1730 ,
805 1664 930 1724 duo
959 1665 1346 1742 infrascripta
1374 1661 1663 1726 Miz-acula
1698 1665 1885 1740 ipsius
1905 1668 1973 1723 B.
1988 1665 2219 1723 PETRI

571 1741 1006 1805 intercessione
1044 1763 1079 1800 a
1119 1748 1247 1803 Deo
1292 1741 1549 1806 obtenta
1592 1737 2070 1820 approbavimus
2095 1786 2113 1818 ‚
2160 1749 2221 1808 et

571 1817 1044 1895 publicavimus-

301 1907 554 1961 Min-acula
649 1897 922 1955 Primum
962 1907 1054 1955 est
1093 1893 1169 1954 de
1216 1901 1398 1958 Coeco
1430 1893 1780 1962 illuminato
1806 1941 1823 1968 ,
1856 1891 2088 1954 Didaco
2126 1893 2216 1954 ni·

275 1995 370 2045 pro
388 1976 551 2031 cano.
573 1973 804 2034 mirum
843 1972 1202 2046 Sacerdote,
1252 1981 1661 2051 cognomento
1712 1970 2056 2046 Pl’asentia,
2111 1973 2218 2051 qui

273 2046 534 2095 nimione
575 2060 717 2110 ‘curn
750 2049 1073 2127 epileptico
1105 2055 1451 2128 paroxismo
1480 2062 1801 2126 correptus
1832 2051 1897 2109 in
1929 2049 2215 2110 domesti-

273 2113 552 2179 ”PP‘0¹’⁸¹⁸
573 2146 719 2188 cum
758 2128 963 2187 focum
989 2130 1207 2204 prunis
1234 2127 1595 2187 ardentibus
1629 2128 1921 2187 refertum
1951 2128 2214 2187 corruis·

573 2216 704 2278 set,
746 2218 942 2283 eoque
984 2226 1126 2265 casu
1161 2204 1408 2281 plenam
1459 2204 1751 2264 ferventis
1810 2224 1981 2280 aquae
2028 2201 2219 2265 ollam

571 2282 972 2343 'subvertisset
990 2326 1007 2353 ,
1037 2282 1307 2344 ustulata
1332 2282 1517 2355 facie,
1552 2282 1837 2341 crematis
1866 2280 2179 2358 palpebris
2197 2326 2214 2353 ‚

571 2368 635 2419 et
676 2358 996 2419 oculorum
1039 2362 1166 2419 acie
1213 2359 1612 2432 labefactata,
1667 2378 1912 2417 omnem
1964 2357 2218 2418 videndi

570 2435 926 2495 facultatem
977 2439 1227 2513 penitus
1281 2439 1526 2506 amisit,
1588 2456 1701 2494 nec
1748 2456 1879 2494 eam
1946 2446 2219 2511 quatuor

569 2514 816 2571 circiter
860 2515 1158 2571 mensium
1198 2515 1435 2587 spatio,
1475 2510 1757 2588 pluribus
1784 2514 1971 2572 etiam
2018 2532 2216 2574 reme·⁴

569 2587 685 2646 diis
715 2588 1045 2661 adhibitis,
1093 2586 1218 2646 ulla
1256 2591 1315 2647 in
1340 2599 1518 2667 parte
1548 2591 1958 2667 recuperavit.
1979 2594 2218 2651 Verum
2308 2602 2317 2611 ‘

567 2664 735 2741 quod
777 2684 974 2741 neque
1005 2686 1040 2722 a
1080 2674 1337 2739 natura,
1379 2686 1577 2741 neque
1611 2688 1644 2726 a
1671 2668 2044 2727 Medicorum
2083 2678 2220 2727 arte

567 2741 852 2800 obtinere
883 2742 1007 2818 jam
1039 2738 1301 2816 amplius
1335 2744 1657 2819 sperabat,
1691 2744 1754 2802 id
1789 2746 1843 2803 ei
1879 2744 1959 2803 ab
1990 2748 2217 2805 Omni·

563 2820 802 2901 potenti
847 2824 972 2897 Deo
1013 2816 1382 2887 mirabiliter
1406 2840 1759 2880 concessum
1792 2822 1914 2882 fuit
1936 2842 2049 2897 per
2090 2842 2215 2882 me-

565 2896 687 2954 rita
733 2900 798 2955 B.
857 2900 1084 2955 PETRI
1136 2900 1537 2956 REGALATI
1574 2944 1589 2967 ,
1645 2906 1819 2957 cu‘us
1879 2896 2218 2961 Cucullum

565 2971 757 3049 oculis
806 2976 930 3033 suis
976 2972 1295 3032 admoveri
1352 2976 1647 3051 curavit3
1756 2996 1856 3033 um
1910 2974 1983 3032 ad
2050 2975 2218 3036 illius

562 3048 857 3127 Reliquiae
902 3061 1293 3124 contactum,
1322 3050 1484 3110 illico
1522 3052 2033 3129 perfectissimum
2064 3073 2211 3111 ocu·

561 3126 768 3188 loru-m
825 3148 998 3186 usum
1045 3130 1310 3203 recepit,
1349 3149 1530 3204 quem
1580 3129 1657 3187 ad
1699 3138 1960 3188 mortem
2016 3144 2215 3207 usque

563 3204 732 3263 haud
769 3205 1165 3263 imminutum
1203 3208 1485 3263 retinuit.

636 3279 921 3341 Alterum
981 3283 1290 3340 recentius
1350 3281 1710 3341 Miraculum
1783 3292 2032 3359 experta
2092 3282 2211 3341 fuit

564 3355 819 3431 Birgitta
861 3358 1088 3433 Ortega
1135 3359 1196 3415 in
1240 3361 1554 3417 sanatione
1594 3360 1887 3419 horrendi
1934 3356 2161 3419 ulceris
2196 3405 2211 3420 .

563 3432 729 3507 quod
765 3435 875 3511 ipsi
910 3452 980 3491 ex
1019 3437 1249 3511 praevio
1302 3446 1575 3513 tumore,
1618 3448 1681 3497 et
1729 3434 2063 3499 interclusa
2114 3458 2207 3498 sae
