2400 3996
770 168 1219 237 BULLAmtm.
1254 192 1263 200 ’
1692 172 1807 245 551

173 276 458 341 Ecclesiae
489 282 835 356 Regnorum
854 323 871 353 ‚
895 289 959 341 et
976 280 1397 342 Dominiorum
1422 280 1815 358 praefatorum
1870 296 1917 348 A
1940 311 1970 348 n
1992 313 2021 347 ιε
2047 314 2080 347 ο

172 354 465 419 similiter
495 354 572 417 de
596 364 730 436 jure
751 400 768 429 ‚
799 354 898 419 vel
927 358 1401 432 consuetudine,
1427 369 1535 419 aut
1568 362 1814 436 speciali
1904 363 2049 434 1746«

177 432 404 514 privile
447 434 503 492 io
519 478 536 507 ‚
561 454 666 495 seu
693 432 945 495 Indulto
962 434 1313 512 Apostolico
1330 481 1347 510 ,
1366 434 1464 498 vel
1488 434 1635 497 alias
1660 459 1811 516 quo,-

179 508 418 573 moduli
465 521 526 570 et
567 522 865 584 utuntur,
901 513 1263 589 potiuntur,
1302 523 1366 573 et
1406 514 1673 589 gaudent
1700 564 1716 587 ‚
1743 540 1813 581 ac

178 589 320 655 uti,
359 588 583 665 potiri,
627 600 687 649 et
729 588 994 666 gaudere
1027 600 1324 667 poterunt
1354 592 1815 667 quomodolibet

181 666 254 727 in
301 665 576 725 futurum
602 706 618 737 ,
665 665 742 726 de
782 665 962 727 simili
1021 670 1340 745 potestatis
1384 666 1765 746 plenitudine
1795 719 1813 748 ‚

179 740 534 820 Apostolica
571 743 946 805 authoritate
989 745 1243 821 praefata
1279 756 1577 824 perpetuo
1614 768 1813 829 respe-

181 822 349 883 ctive
375 821 464 879 eri
503 820 694 893 imm,
726 832 790 881 et
826 822 1223 883 instituimus.
1976 879 1989 893 ‚

259 901 352 958 Ac
370 898 456 958 eis
499 917 594 957 em
617 898 702 959 sic
721 900 1052 975 respective
1075 900 1291 960 erectis
1314 897 1588 961 Ecclesiis
1611 899 1814 964 Sancti
1842 880 2113 1001 ¹54⁸⁸ff¹³3⁸

184 972 724 1049 Paulividelicet,
763 976 1092 1037 Civitatem
1127 980 1333 1039 Sancti
1358 977 1525 1039 Pauli
1563 999 1678 1056 pro
1715 983 1812 1041 Ci·
1840 965 1962 1068 „¹³33
2015 966 2111 1066 'avt'-

181 1052 413 1143 vitate‚
441 1062 505 1112 et
531 1050 670 1113 alia.
691 1052 970 1136 Ωρρίἀει,
1007 1058 1261 1145 Castra,
1301 1054 1528 1129 Vinus,
1568 1067 1631 1116 et
1668 1063 1811 1119 Ter·
1838 1083 2102 1137 mmsis,

183 1141 402 1191 ritorto
439 1149 826 1207 quocumque
871 1151 1122 1191 nomme
1158 1144 1547 1209 nuncupata,
1582 1154 1716 1211 quae
1751 1137 1814 1197 in

183 1203 454 1269 secunda
490 1217 667 1283 parte
705 1208 898 1268 divisa
934 1208 1217 1284 praefata,
1245 1220 1307 1269 et
1341 1210 1538 1269 eidem
1576 1211 1814 1287 Episco-

185 1285 360 1361 patui
386 1286 587 1345 Sancti
615 1283 785 1345 Pauli
810 1286 1149 1361 assignata,
1183 1298 1257 1345 ut
1290 1286 1645 1362 praefertur.
1671 1308 1813 1349 con-

188 1362 470 1421 tinentur
490 1402 506 1431 ,
537 1380 653 1438 pro
685 1364 980 1439 Dioecesi3
1018 1364 1428 1424 Mariannensi
1474 1384 1623 1425 vero
1652 1367 1814 1426 Civi-

187 1448 378 1499 tatem
421 1439 910 1499 Mariannensem
937 1458 1054 1516 pro
1087 1441 1393 1515 Civitate‚
1432 1449 1496 1499 et
1532 1438 1651 1501 alia
1692 1445 1817 1521 Op·

183 1515 372 1593 pida‚
411 1520 660 1590 Castra,
695 1513 921 1585 Villas,
961 1526 1024 1578 et
1065 1518 1402 1578 Territoria
1434 1536 1819 1597 quocumque

185 1593 441 1653 nomine
482 1594 715 1669 pariter
747 1614 952 1653 nuncu
1036 1604 1103 1655 ta
1123 1638 1137 1659 ‚
1170 1615 1305 1673 quae
1328 1596 1392 1655 in
1433 1596 1613 1655 tertia
1642 1609 1820 1672 parte

186 1670 384 1732 divisa
432 1670 684 1746 praefata
705 1711 723 1736 ,
766 1682 828 1731 et
875 1670 930 1730 ei
977 1690 1074 1731 em
1128 1672 1514 1751 Episcopatui
1558 1676 1819 1735 Mai-ian..

187 1747 365 1811 nensi
390 1748 687 1823 assignata
707 1792 722 1819 ‚
744 1758 816 1809 ut
845 1748 1169 1825 praefertur
1189 1796 1207 1821 ‚
1244 1751 1646 1811 continentur
1664 1797 1681 1825 ,
1704 1772 1820 1829 pro

185 1824 480 1901 Dioecesi3
532 1843 645 1887 nec
691 1846 816 1885 non
857 1824 1303 1891 Ecclesiasticus
1337 1848 1452 1905 pro
1485 1848 1581 1888 res
1659 1832 1821 1892 ctive

191 1901 378 1965 Clero
399 1944 418 1977 ,
455 1910 520 1961 et
555 1900 870 1963 saeculares
893 1922 1184 1978 personas
1220 1905 1285 1964 in
1320 1906 1575 1968 Civitati
1624 1926 1726 1980 us,
1756 1919 1821 1969 et

188 1978 560 2044 Dioecesibus
611 1976 960 2057 hujusmodi
1014 2001 1130 2058 pro
1167 1991 1447 2060 tempore
1486 1985 1820 2061 respective

115 2085 120 2088 ·
189 2057 476 2134 degentes
519 2075 632 2132 pro
675 2058 1007 2134 respective
1044 2057 1310 2135 Populo,
1363 2059 1441 2120 de
1478 2071 1818 2138 potestate,

190 2145 256 2196 et
299 2132 672 2206 authoritate
713 2130 1010 2193 similibus
1050 2137 1237 2196 etiam
1268 2146 1567 2214 perpetuo
1603 2156 1815 2199 conce·

191 2211 427 2284 dimus,
467 2221 530 2270 et
561 2211 955 2285 assignamus.
1053 2245 1068 2258 -

265 2293 357 2350 Ac
396 2287 758 2360 Civitatem,
808 2283 1094 2359 clerum,
1148 2297 1213 2349 et
1266 2284 1563 2363 Populum
1616 2291 1819 2353 Sancti
1855 2301 2121 2368 subjectio

190 2363 359 2428 Pauli
408 2365 701 2442 Episcopo
753 2363 959 2424 Sancti
1003 2361 1214 2440 Pauli3
1254 2364 1579 2426 Civitatem
1627 2387 1773 2429 vero
1798 2393 1817 2444 ·‚
1838 2368 1975 2424 Cleri
2030 2381 2083 2422 et

190 2440 476 2507 clerum.
539 2450 602 2502 et
655 2438 954 2518 Populum
999 2442 1485 2511 Mariannensem
1528 2443 1821 2524 Episcopo
1842 2438 2042 2508 P⁰1¹¹⁸¹i·

191 2517 604 2581 Mai-iannensi
632 2517 833 2596 quoad
871 2515 1286 2594 Episcopalem
1310 2518 1699 2586 ordinariam
1715 2568 1732 2596 ‚
1758 2535 1822 2586 et

189 2594 666 2672 Archiep‘iscopo
725 2593 928 2655 Sancti
984 2592 1314 2658 salvatoris
1368 2616 1482 2673 pro
1543 2607 1821 2675 tempore

191 2673 472 2733 existenti
509 2672 762 2749 praefato
803 2669 1010 2750 quoad
1042 2672 1552 2750 metropoliticam
1578 2677 1821 2754 jurisdi-

189 2751 494 2823 ctionem,
528 2760 592 2810 et
621 2750 1114 2825 superioritatem
1154 2749 1235 2810 de
1254 2753 1588 2828 potestatis
1619 2751 1817 2830 pleni·

189 2825 408 2888 tudine
445 2827 580 2903 pari
617 2827 800 2886 etiam
843 2847 954 2902 per
1000 2837 1145 2886 etuo
1175 2827 1551 2918 subjicimus.

265 2907 389 2966 Nec
425 2923 554 2964 non
589 2904 793 2966 Sancti
826 2908 949 2963 Pau
975 2905 1032 2976 i,
1059 2914 1122 2963 et
1159 2905 1566 2966 Mamannensi
1601 2907 1821 2969 Mensis
1872 2922 2116 2993 Applica-

189 2980 646 3060 Episcopalibus
680 2979 1029 3057 huiusmodi
1056 3000 1190 3057 Ῥω
1232 3000 1445 3040 earum
1485 2983 1819 3057 respective
1840 2990 1915 3043 tio
1953 2992 2121 3043 reddi-

189 3057 336 3118 dote
361 3057 639 3120 redditus
661 3076 898 3118 annuos
927 3058 1403 3135 quingentorum
1433 3060 1820 3136 septuaginta
1842 3064 2008 3111 tuum·

189 3135 378 3206 unius
430 3133 796 3197 ducatorum
845 3134 981 3196 auri
1031 3133 1109 3194 de
1149 3138 1405 3194 Camera
1457 3153 1567 3210 per
1622 3137 1821 3214 ipsum

190 3217 490 3274 Joannem
513 3216 734 3290 Regem
751 3210 1142 3287 assignandos
1155 3255 1172 3284 ‚
1191 3231 1377 3302 quam
1391 3211 1635 3291 quidem
1658 3233 1819 3274 sum-

191 3309 354 3350 mam
380 3287 540 3350 idem
578 3295 842 3350 Joannes
875 3293 1001 3348 Rex
1026 3287 1103 3348 de
1134 3308 1294 3359 suls,
1325 3298 1389 3349 et
1408 3310 1523 3367 pro
1548 3301 1821 3368 tempore

149 3403 158 3410 -
189 3367 582 3428 existentium
598 3364 976 3443 Pon-tugalliae
992 3410 1009 3436 ‚
1029 3377 1090 3426 et
1106 3363 1534 3442 Algarbiorum
1554 3372 1781 3444 Regum
1802 3415 1819 3440 ,

192 3441 545 3523 hujusmodi
581 3443 760 3504 honis
801 3445 1094 3520 gratiose,
1131 3454 1194 3506 et
1234 3443 1719 3528 irrevocabiliter
1738 3446 1820 3521 ad
