2400 3996
716 227 725 236 ,
799 153 1260 240 Emanium,
1712 155 1832 246 189

190 264 311 326 bus
334 259 739 340 subtraheret
758 302 773 330 ,
808 273 873 325 et
895 263 1204 324 Proximos
1229 283 1266 324 a
1305 280 1370 326 se
1398 261 1673 341 adjutos,
1706 283 1834 324 non
1891 275 1932 326 Δ
1961 292 1992 326 1«
2015 292 2046 326 κ
2067 293 2102 326 o

192 339 343 410 sibi,
375 338 485 398 sed
518 336 771 399 Christo
800 336 1189 406 lucrifaceret
1209 379 1226 410 ‚
1261 348 1450 418 atque
1477 337 1554 400 ad
1602 341 1836 402 Divinae
1931 344 2076 412 ¹746·

198 416 497 494 Bonitatis
538 434 815 494 amorem
836 454 855 486 ,ι
894 414 973 477 ad
1006 413 1382 492 Evangelicae
1433 414 1578 490 legis
1629 415 1833 479 obser-

201 493 480 552 vantiam
524 489 883 550 adduceret.
939 492 1216 570 Denique
1267 493 1662 570 purgantium
1721 497 1834 554 De-

200 567 563 644 functorum
587 570 895 632 cruciatus
916 567 1023 646 pio
1038 569 1590 631 commiserationis
1615 567 1840 630 affectu

202 645 578 722 respiciens„
634 643 867 705 oblatis
924 647 1051 722 Deo
1110 645 1395 724 precibus
1421 689 1438 718 ‚
1481 644 1796 706 Sacrifieiis
1821 689 1838 722 ,

200 721 447 798 iejuniis
473 765 493 792 ,
530 719 784 800 aliisque
822 717 1189 800 voluntariis
1217 722 1317 782 sui
1345 721 1616 796 corporis
1653 721 1840 781 casti-

203 795 554 874 gationibus
581 840 598 871 ,
633 794 949 874 prolatam·
980 797 1123 872 ipsis
1152 801 1400 876 laeterhae
1437 797 1840 859 Beatitudinis

201 875 639 950 possessionem
680 871 1021 946 accelerare
1060 873 1342 954 curabat.

197 1031 207 1043 ,
276 985 383 1046 His
422 984 684 1062 aliisque
714 985 1058 1048 virtutibus
1084 986 1248 1062 apud
1281 1005 1420 1047 suos
1439 1031 1456 1058 ‚
1483 998 1842 1064 exterosque
1895 989 2140 1041 Extrema

204 1059 442 1137 clarus,
496 1059 935 1122 miraculorum
986 1081 1231 1140 quoque
1290 1067 1518 1139 gratia,
1584 1063 1841 1141 aliisque
1866 1057 2030 1134 Viffaes
2052 1064 2106 1106 εἰ

204 1137 781 1216 supernaturalibus
817 1139 995 1201 donis
1040 1135 1328 1214 illustria,
1367 1160 1504 1199 cum
1565 1140 1640 1198 ad
1679 1159 1841 1200 sexa·
1863 1125 2056 1177 ‘’buu“

205 1216 503 1290 gesimam
557 1225 794 1274 sextum
854 1215 1049 1276 ae‘tatis
1106 1229 1342 1290 annum
1397 1218 1777 1292 pervenisset
1824 1261 1842 1291 ‚

204 1295 453 1370 iamque
494 1294 875 1372 prospiceret
898 1338 915 1366 ‚
957 1291 1124 1353 haud
1166 1290 1388 1370 procul
1437 1311 1565 1352 esse
1608 1291 1840 1367 deposi÷

205 1369 442 1426 tionem
490 1367 896 1428 Tabernaculi
950 1370 1073 1442 sui,
1120 1365 1202 1433 de
1246 1378 1390 1445 apto
1420 1411 1434 1436 ,
1502 1368 1848 1445 idoneoque

208 1447 469 1503 Rectore
506 1447 671 1520 gregi
709 1465 819 1504 suo
851 1454 993 1522 post
1016 1461 1079 1504 se
1116 1443 1526 1522 relinquendo
1554 1443 1849 1505 sollicitus

210 1517 459 1596 longum
502 1541 907 1599 asperumque
946 1523 1067 1581 iter
1111 1523 1418 1601 ingressus
1455 1531 1582 1593 est,
1621 1532 1694 1580 ut
1731 1523 1842 1580 Lu·

208 1615 355 1672 pum
388 1594 771 1656 'Salazarium
805 1599 1044 1674 antiqui
1083 1598 1364 1660 Instituti
1415 1595 1714 1658 cultorem
1735 1641 1752 1669 ‚
1774 1617 1847 1657 ae

210 1673 512 1734 vindicem
536 1717 553 1747 ,
601 1675 679 1732 ad
732 1674 794 1732 id
838 1675 1110 1734 muneris
1147 1673 1596 1750 suscipiendum
1632 1674 1844 1734 suade·

214 1760 328 1809 ret.
356 1754 460 1808 ‘Ea
512 1769 580 1808 re
623 1755 986 1826 impetrata,
1031 1768 1224 1828 quum
1272 1749 1679 1810 Tribulanum
1711 1756 1845 1812 Coe·

206 1825 469 1886 nobium
534 1827 597 1884 in
646 1826 848 1886 reditu
905 1829 1234 1903 visitasset,
1278 1827 1424 1887 inde
1469 1826 1546 1886 ad
1597 1826 1846 1904 Aquile-

213 1903 411 1962 riense
438 1923 501 1961 se
535 1901 799 1962 contulit
819 1950 835 1976 ‚
861 1903 971 1962 ubi
996 1902 1208 1966 lethali
1239 1904 1459 1963 morbo
1489 1914 1846 1980 correptus,

215 1974 553 2051 decubuit,
603 1991 933 2058 exactoque
992 1982 1156 2041 inter
1204 1981 1456 2043 acerbos
1510 1983 1848 2053 cruciatus,

215 2066 399 2133 atque
440 2056 766 2133 languores
810 2061 1049 2133 integro
1100 2060 1345 2133 Quadra
1389 2060 1584 2117 esimae
1631 2076 1850 2129 cursu,

216 2132 464 2192 tandem
513 2133 615 2193 die
668 2146 877 2193 sancto
920 2134 1170 2201 rPascha.¹
1227 2140 1352 2194 Eue
1401 2136 1626 2193 aristici
1677 2134 1854 2193 Panis

215 2210 444 2270 viatico
494 2211 805 2282 munitus,
848 2222 909 2269 et
955 2212 1236 2287 sequenti
1281 2212 1406 2269 die-
1433 2209 1513 2267 ab
1559 2208 1856 2283 Episcopo

215 2285 501 2347 Palentiae
554 2286 709 2345 oleo
758 2290 981 2345 Sancto
1022 2296 1246 2345 unctus
1303 2288 1369 2345 in
1429 2287 1676 2343 nomine
1736 2288 1853 2342 Do·

216 2364 405 2436 mini,
456 2382 647 2440 quum
685 2361 1103 2423 dilectissimos
1137 2367 1384 2420 Fratres
1425 2360 1502 2419 ad
1535 2360 1857 2421 severioris

218 2438 551 2515 disciplinae
596 2440 972 2510 custodiam,
1010 2438 1086 2497 ad
1121 2440 1500 2515 paupertatis
1547 2437 1853 2511 studium,

208 2515 293 2575 ad
324 2516 735 2575 imitationem
772 2516 1005 2577 Christi
1032 2516 1215 2575 etiam
1239 2559 1255 2588 ,
1281 2525 1470 2593 atque
1497 2516 1681 2573 etiam
1711 2514 1850 2574 hor-

218 2601 389 2651 tatus
420 2601 577 2651 esset
602 2634 615 2659 ,
657 2593 926 2651 animam
961 2608 1141 2653 suam
1175 2593 1243 2651 in
1271 2612 1486 2652 manus
1517 2592 1627 2649 Dei
1659 2591 1850 2651 fiden-

218 2679 315 2727 ter
356 2678 758 2745 amanterque
789 2668 1254 2743 commendanS,
1293 2675 1599 2747 iustorum
1639 2688 1854 2729 somno

220 2742 615 2805 obdormivit·
638 2746 825 2804 tertio
874 2743 1175 2808 Kalendas
1219 2745 1438 2823 Aprilis
1474 2751 1657 2807 Anno
1695 2743 1852 2805 salu·
1925 2766 1930 2773 ·

222 2822 299 2881 tis
332 2825 763 2882 MCCCCLVI.
1739 2820 1751 2829 ’

296 2940 527 3017 PETRI
548 2940 769 3015 corpus
786 2983 803 3011 ‚
834 2947 904 2997 ut
924 2925 1364 3016 piis'Fiqlelium
1394 2936 1592 2995 turbis
1617 2932 1692 2997 ad
1712 2942 1857 3001 ‚Coe-

224 3014 479 3075 nobium
516 3012 792 3091 undique
823 3012 1334 3077 concurrentibus
1369 3012 1721 3085 satisfieret,
1749 3034 1860 3090 per
1889 3047 1898 3058 ·

224 3089 464 3167 aliquot
493 3088 623 3150 'dies
654 3091 1047 3153 inhumatum
1072 3090 1404 3165 remansit3
1433 3108 1695 3165 cumque
1719 3088 1858 3161 pul-

212 3164 312 3227 las
348 3162 601 3228 interim
632 3164 1026 3230 mortalitatis
1058 3167 1316 3244 iniurias
1353 3175 1700 3243 pateretur,
1727 3174 1862 3243 tan-

226 3240 369 3303 dem
404 3244 470 3303 in
509 3246 821 3303 communi
861 3248 1151 3312 Fratrum
1184 3242 1517 3321 Sepulchro
1546 3240 1866 3304 conditum

225 3318 385 3395 fnit3
413 3319 583 3381 unde
606 3331 812 3382 tamen
845 3331 983 3398 post
1014 3318 1272 3399 triginta
1304 3341 1406 3381 sex
1445 3337 1636 3379 annos
1665 3328 1860 3380 trans-

226 3392 424 3463 latum
459 3396 583 3485 fuit
629 3396 708 3458 ad
756 3395 1089 3474 praenobile
1131 3394 1660 3481 loculamentum,
1699 3394 1862 3476 quod
