2400 3996
603 189 686 266 5⁴0
1136 188 1529 252 BENE-,mon
1580 181 1755 248 XIV.

531 353 543 367 ,
604 310 744 358 rato
766 283 1107 370 faciebant,
1129 305 1461 374 precesque
1494 313 1634 354 suas
1658 287 1950 367 singulari
1971 291 2247 367 pietate,

517 421 532 436 .
605 387 669 435 et
695 372 1038 434 rationibus
1063 373 1475 448 undequaque
1492 371 1701 446 petitis
1727 367 2215 428 cohonestarunt
2232 409 2247 434 ‚

603 454 970 526 negotioque
1029 469 1066 508 a
1120 451 1383 508 Summis
1433 445 1825 506 Pontificibus
1874 445 2127 504 remisso
2166 444 2249 503 ad

605 526 1156 604 congregationem
1195 523 1495 594 Concilii,
1538 522 1666 582 haec
1700 521 1989 599 precibus
2030 521 2247 596 hujus·

600 605 772 666 modi
798 621 1028 661 morem
1059 601 1233 666 haud
1268 602 1447 676 gessit
1466 645 1482 671 ‚
1509 599 1615 658 sed
1647 609 1957 676 petentes,
1984 600 2077 656 uti
2108 597 2251 656 fieri

603 701 750 740 cum
785 679 983 754 princi
1027 677 1164 736 ibus
1204 679 1354 738 viris
1387 678 1738 750 consuevit,
1784 675 2025 740 urbane
2063 673 2248 733 dimi,

605 757 719 828 sit,
746 771 964 834 querna
1012 755 1261 819 modum
1290 755 1705 814 recensuimus
1736 753 1804 808 in
1838 753 2011 807 citato
2040 762 2240 818 nostro
2328 778 2345 791 ·

603 835 890 890 'Tractata
925 829 1000 886 de
1035 831 1333 908 Saea-{ficio
1368 832 1585 893 Missae
1625 839 1767 890 sect.
1797 847 1857 896 2.
1888 825 1945 905 ὃ.
1979 827 2076 886 32.
2119 826 2259 887 edi-

606 909 794 969 tionis
829 908 1183 970 Patavinae.-

603 1007 610 1016 ·
685 989 874 1043 Porro
893 985 941 1042 si
961 982 1332 1060 denegatum
1367 986 1486 1044 fuit
1505 986 1801 1060 Episcopo
1828 981 2091 1061 petitum
2120 983 2250 1056 pri,

609 1059 903 1138 vilegium
933 1059 1287 1122 celebrandi
1324 1062 1419 1122 bis
1452 1064 1515 1120 in
1538 1063 1641 1120 die
1674 1061 1829 1120 festo
1854 1103 1867 1130 ,
1898 1069 1973 1118 ut
2002 1054 2257 1117 Nobiles

551 1203 560 1214 ‚
608 1138 1030 1197 satisfacerent
1045 1149 1351 1272 graecepto
1374 1137 1663 1198 audiendi
1684 1139 1921 1196 Missam
1936 1180 1953 1210 ‚
1978 1155 2053 1194 eo
2082 1133 2259 1212 quod

601 1213 770 1274 alius
803 1213 1015 1274 aderat
1091 1217 1343 1275 acerdos
1360 1257 1377 1285 ,
1420 1217 1527 1290 qui
1568 1218 1816 1273 Sacrum
1853 1212 2053 1270 facere
2078 1221 2258 1288 pote*-

611 1301 753 1367 rat3
796 1293 847 1350 si
892 1291 1245 1370 principum
1275 1293 1576 1353 virorum·
1600 1301 1747 1352 vota
1785 1289 2067 1348 exaudita
2122 1309 2259 1347 non

611 1366 909 1432 filerunt,
963 1369 1070 1444 qui
1113 1379 1361 1430 tantum
1412 1387 1527 1444 pro
1562 1367 1912 1427 extensione
1948 1363 2262 1442 privilegii

611 1442 1068 1518 precabantur,
1113 1456 1178 1506 et
1224 1445 1364 1504 talis
1410 1441 1746 1523 privilegii,
1788 1441 1954 1520 quod
2004 1443 2264 1505 unicam

607 1529 865 1578 -tantum
901 1519 1067 1578 diem
1108 1520 1383 1600 quolibet
1421 1541 1585 1580 anno
1620 1517 2024 1596 respiciebat3
2065 1538 2259 1578 unus-

609 1599 878 1672 quisque
920 1595 1083 1656 facili
1121 1601 1366 1674 negotio
1405 1615 1763 1672 cognoscere
1796 1597 2026 1672 poterit
2046 1641 2062 1668 ‚
2148 1595 2262 1655 uid

607 1689 658 1730 ‘a
703 1671 856 1730 Sede
908 1673 1257 1748 Apostolica
1321 1674 1553 1732 factum
1617 1683 1805 1743 esset,
1852 1673 1903 1731 si
1954 1669 2111 1748 slmp
2138 1671 2264 1731 ices

611 1743 876 1806 Parochi
901 1748 1255 1816 facultatem
1280 1751 1601 1827 petiissent·
1618 1748 1713 1809 bis
1734 1746 2115 1822 celebrandi,
2146 1748 2264 1808 ubi

609 1820 776 1884 alius
802 1844 929 1884 non
956 1824 1188 1894 deesset
1214 1827 1503 1895 Sacerdos
1520 1872 1536 1899 ‚
1570 1829 1677 1904 qui
1706 1823 1977 1886 Par-ocho
2003 1845 2265 1905 operam

619 1919 802 1960 suam
829 1913 1138 1982 praestane
1177 1915 1410 1981 posset,
1450 1913 1513 1962 et
1548 1903 1643 1962 bis
1686 1900 2081 1977 celebrandi,
2130 1921 2265 1964 non

610 1979 806 2041 unica
846 1977 946 2039 die
991 1981 1157 2041 intra
1203 2002 1477 2054 annum,
1533 1979 1637 2045 sed
1680 1989 1776 2040 tot
1814 1978 2060 2052 diebus,
2104 1989 2267 2057 quot
2375 1963 2376 1972 ἵ

621 2073 735 2130 per
771 2057 920 2115 anni
952 2078 1199 2117 cursum
1235 2058 1373 2118 festi
1414 2058 1543 2119 dies
1578 2053 1934 2131 celebrandi
1976 2055 2265 2125 fidelibus

613 2132 1088 2209 praecipiuntur.

323 2208 604 2257 Decretum
699 2213 785 2269 Ut
839 2211 1244 2279 Fraternitati
1287 2216 1433 2273 Tum
1488 2210 1811 2289 postulatis
1860 2207 2260 2299 respondere÷

324 2271 568 2389 ἒξῗξὲῗι
613 2305 761 2344 ‘mus
783 2330 800 2357 ν
841 2289 1154 2362 negotium
1205 2289 1391 2349 unico
1446 2288 1639 2349 verbo
1674 2306 2091 2363 cognoscimus
2142 2291 2265 2347 Nos

324 2404 452 2455 dum
517 2406 604 2456 de·

613 2360 942 2421 -absolvere
967 2365 1235 2443 potuisse
1253 2408 1265 2432 ‚
1288 2365 1545 2425 dicendo
1560 2365 1854 2432 nimirum
1871 2405 1888 2434 ,
1908 2374 2079 2423 tuam
2101 2368 2269 2423 Con-

323 2472 574 2523 cemitur·
611 2438 1014 2525 'stitutionem
1036 2440 1403 2513 synodalem
1444 2441 1892 2503 observandam
1926 2458 2075 2499 esse.
2096 2444 2263 2510 Hen-

625 2532 790 2573 ricus
823 2516 991 2573 enim
1026 2516 1215 2584 Boich
1236 2563 1253 2589 ,
1288 2519 1579 2597 antiquus
1610 2520 1773 2581 Juris
1798 2516 2101 2585 Canonici
2115 2520 2264 2576 Pro-

623 2588 818 2649 fessor
844 2634 860 2663 ‚
921 2591 985 2645 in
1051 2592 1376 2655 Gomnaent.
1432 2594 1519 2651 ad
1576 2594 1725 2669 Cap.
1798 2596 1877 2651 st
1932 2591 2222 2671 referente
2251 2639 2266 2666 ‚

612 2684 794 2723 num.
828 2684 888 2731 ¹2,
923 2665 998 2721 de
1026 2668 1405 2725 celebratione
1436 2671 1805 2739 Mis-sarum,
1844 2668 2062 2744 docet,
2084 2690 2121 2728 a
2158 2691 2265 2729 ne·
2370 2714 2372 2735 ÷

619 2744 794 2802 mine
830 2741 1010 2803 binas
1051 2746 1258 2805 Missas
1298 2746 1510 2807 eadem
1555 2746 1654 2807 die
1706 2744 2008 2807 celebrari
2082 2766 2223 2807 osse
2251 2793 2266 2819 ‚

611 2819 674 2877 si
711 2819 773 2878 id
811 2820 892 2882 sit
919 2822 1185 2882 vetitum
1226 2822 1293 2881 in
1324 2824 1787 2884 Constitutione
1804 2822 2048 2898 Synoda
2078 2824 2123 2881 i.
2148 2823 2269 2882 Sed

621 2893 752 2953 haec
781 2896 1104 2958 scribenda
1141 2897 1221 2957 ad
1260 2909 1323 2959 te
1362 2903 1713 2978 putavimus
1734 2946 1751 2974 ‚
1786 2911 1861 2959 ut
1898 2911 2088 2960 tuum·
2119 2898 2271 2961 reli·

609 2973 818 3047 :gionis
854 2975 1144 3035 eximium
1191 2976 1467 3037 studium
1509 2980 1731 3038 nostris
1780 2974 2069 3038 laudibus
2118 2996 2266 3058 pro-
2371 2962 2372 3003 ³

621 3068 1020 3125 sequeremur
1043 3096 1058 3121 ,
1099 3064 1453 3129 certamque
1492 3074 1808 3128 normam,
1850 3074 1921 3113 ac
1952 3053 2271 3114 rationem

623 3136 769 3185 ante
797 3125 1006 3186 oculos
1038 3132 1407 3203 propositam
1453 3130 1709 3192 haberes
1732 3176 1749 3202 ‚
1782 3130 1862 3191 ad
1893 3147 2083 3207 quam
2117 3152 2267 3191 con-

610 3198 758 3261 ·silia
806 3214 952 3274 tua,
993 3213 1289 3281 tuamque
1346 3220 1610 3269 mentem
1656 3209 1961 3269 tutissime
2014 3208 2266 3289 confor-

625 3298 847 3337 mareS.
895 3285 1281 3357 Quapropter
1324 3295 1448 3345 tres
1487 3285 1614 3346 dies
1646 3289 1712 3346 in
1758 3288 2002 3364 privata
2052 3297 2271 3347 nostra

625 3351 1003 3416 Bibliotheca
1047 3379 1225 3417 mane
1282 3361 1744 3439 insumpsimuS,
1804 3382 1960 3443 quos
1998 3383 2266 3433 vacum,

625 3448 696 3493 ac
736 3428 960 3493 liberos
1007 3434 1086 3495 ab
1131 3436 1453 3499 audiendis
1493 3441 1819 3516 Ministris,
1866 3438 2267 3529 molestisque
2368 3456 2370 3471 “
