2400 3996
751 145 1195 213 anutm·
1673 142 1786 215 281

153 252 394 319 attendi
421 298 440 329 ,
479 260 568 313 et‘
591 252 656 313 in
691 252 788 315 his
815 255 1146 330 omnibus,
1189 272 1323 332 quae
1356 257 1591 315 Nostris
1630 254 1799 315 hisce
1853 265 1901 315 A
1922 279 1955 315 ιι
1980 280 2011 314 ιι
2032 280 2069 314 ο

153 334 374 395 Literis
417 350 542 391 non
579 331 1018 405 adversentur,
1055 334 1427 392 exactissime
1458 330 1701 409 impleri
1736 344 1801 393 et
1885 329 2031 402 1746·

155 409 475 471 observari
530 405 816 468 volumus
837 454 856 481 ,
915 410 1274 480 statuimus,
1329 418 1393 467 et
1444 410 1509 467 in
1568 410 1801 470 virtute

155 494 384 547 sanctae
440 483 807 544 obedientiae
853 485 1249 557 mandamus,
1290 495 1477 561 atquc
1526 487 1797 561 praecipi·

155 582 329 637 mus;
357 581 487 621 non
505 560 896 620 obstantibus
918 560 1407 639 quibuscumque
1434 560 1765 638 privilegiis
1780 604 1801 637 ‚

158 649 270 699 aut
309 638 680 711 contrariis,
721 639 908 697 etiam
955 644 1357 715 quantumvis
1392 640 1753 699 inveteratis
1782 680 1802 712 ,

155 714 372 775 usibus
407 724 476 773 et
517 713 1100 787 consuetudinibus,
1145 734 1283 791 quae
1330 716 1535 788 potius
1576 714 1803 775 abusus

159 802 218 851 et
275 789 644 865 corruptelae
696 790 820 850 dici
875 789 1104 849 debent
1141 834 1157 863 ,
1205 788 1431 867 quibus
1463 836 1479 865 ,
1532 790 1583 850 si
1641 792 1807 853 forte

160 866 370 927 adesse
393 910 410 941 ,
437 877 547 925 aut
579 864 826 942 allegari
855 869 1172 943 contingat
1193 912 1209 939 ,
1238 868 1410 926 motu
1438 888 1523 926 ac·
1550 869 1804 929 scientia

161 942 381 1014 simili,
429 962 502 1001 ac
547 942 626 1001 de
657 944 960 1017 praedictas
1011 942 1377 1020 Apostolicae
1418 947 1807 1004 auctoritatis

161 1024 398 1080 Nostrae
431 1017 854 1095 plenitudine,
891 1020 1255 1097 derogamus
1276 1064 1293 1095 ,
1328 1040 1399 1080 ac
1442 1022 1811 1097 derogatum·

161 1116 290 1157 esse
335 1094 626 1158 volumus
665 1106 726 1155 et
771 1096 1178 1155 decernimus.
1698 1138 1704 1145 .
1806 1126 1811 1139 ·

238 1172 527 1232 Secundo
556 1169 728 1246 loco,
764 1182 828 1232 et
859 1182 1306 1251 consequenter
1344 1172 1422 1231 ad
1459 1174 1803 1248 praemissa,
1828 1174 1957 1251 Heu?
2001 1188 2106 1239 poe·

165 1246 458 1309 adversus
494 1248 928 1323 praedictarum
977 1255 1200 1325 Legum
1228 1292 1246 1321 ,
1290 1258 1353 1307 et
1398 1250 1919 1310 Constitutio·’¹¹⁸⁵
1938 1256 1993 1290 ¹¹²
2006 1255 2104 1317 9⁰¹⁸

165 1344 316 1385 num
352 1330 852 1399 Transgressores
877 1371 894 1397 ‚
931 1346 1144 1385 omnes
1181 1326 1257 1383 et'
1282 1324 1547 1399 singulas
1592 1342 1809 1402 poenas
1834 1314 2101 1358 ¹¹⁸V⁶¹¹¹⁰²¹

165 1401 228 1460 in
261 1400 494 1491 eisdem
529 1404 832 1475 Decretis,
873 1411 936 1491 et
962 1401 1527 1467 Constitutionibus
1562 1401 1719 1463 latas
1742 1412 1810 1461 et
1828 1380 1909 1425 ω’
1954 1373 2109 1424 ¹⁸²³*

167 1487 572 1539 comminatas
595 1523 611 1552 ,
663 1488 1033 1541 auctoritate
1089 1498 1337 1556 quoque
1400 1489 1608 1541 nostra
1661 1498 1805 1537 con·

167 1553 514 1617 firmamus·
549 1564 610 1613 et
682 1557 1052 1616 innovamus
1093 1578 1110 1632 3
1173 1556 1515 1615 amissionis
1580 1553 1811 1616 scilicet

168 1642 401 1707 quartae
445 1632 638 1708 partis
677 1631 988 1692 fructuum
1027 1634 1211 1691 unius
1252 1634 1440 1704 anni,
1470 1634 1599 1707 ipso
1643 1632 1815 1711 facto

169 1706 246 1767 ab
289 1710 368 1767 iis
413 1707 836 1783 incurrendae,
865 1711 973 1785 qui
1015 1707 1289 1785 legitimo
1328 1710 1803 1785 impediment0‚

169 1803 272 1845 seu
312 1788 491 1859 iustis
541 1796 604 1845 et
623 1784 1106 1845 rationabilibus
1135 1790 1337 1847 causis
1392 1786 1807 1860 cessantibus,

171 1872 230 1921 et
269 1860 350 1921 ab
469 1882 504 1921 e
545 1882 820 1937 expressa
839 1908 857 1936 ,
901 1875 976 1923 ut·
1023 1864 1350 1940 praefertur
1380 1904 1397 1933 ,
1446 1861 1811 1939 Apostolicae

171 1938 342 2000 Sedis
415 1940 636 2000 icentia
669 1984 686 2013 ,
737 1952 838 1998 sex
875 1940 1211 2000 mensibus
1264 1941 1575 2001 continuis
1638 1952 1810 2002 extra

170 2033 342 2078 suam
370 2017 686 2076 Dioecesim
717 2017 1018 2076 morando
1049 2017 1401 2092 abfuerint3
1436 2028 1500 2076 et
1524 2020 1811 2080 ‘amissio-

171 2096 264 2154 nis
327 2091 584 2155 alterius
635 2103 870 2168 quartae
922 2095 1116 2168 partis
1166 2095 1481 2153 fructuum
1520 2137 1537 2162 ‚
1595 2095 1811 2154 eodem

169 2169 362 2230 modo
403 2169 824 2242 incurrendae,
865 2168 978 2228 ubi
1014 2169 1685 2246 huiusmodiabsentia
1734 2171 1813 2231 ad

170 2244 324 2308 alios
374 2265 476 2304 sex
521 2253 754 2307 menses
791 2244 1239 2320 protrahatur3
1291 2256 1362 2304 ut
1408 2246 1473 2303 in
1518 2245 1817 2320 praedicto

171 2320 458 2386 Concilio
501 2322 868 2382 Tridentino
901 2338 1048 2379 sess.
1075 2319 1134 2379 6.
1172 2322 1329 2408 αφ(
1354 2340 1405 2378 1.
1434 2319 1507 2374 de
1537 2320 1815 2397 Refimm

169 2407 475 2460 statutum
508 2398 662 2475 faite,
697 2399 978 2458 incursus
1015 2409 1261 2476 quoque
1286 2399 1348 2455 in
1384 2398 1617 2472 peccati
1648 2417 1811 2474 mor-5

171 2474 314 2536 talis
346 2485 586 2534 reatum
611 2521 628 2548 ‚
655 2485 718 2534 ct
758 2472 1150 2550 obligationis
1183 2473 1546 2533 restituendi
1574 2473 1815 2536 fructus

171 2552 236 2614 in
273 2551 574 2612 absentia·
595 2561 950 2627 perceptos,
993 2549 1164 2610 nulla
1214 2551 1395 2610 etiam
1434 2552 1669 2626 'praevia
1708 2550 1812 2612 de-

171 2627 514 2692 claratione
531 2673 550 2701 ,
581 2647 832 2706 eosque·
853 2629 1147 2703 erogandi
1177 2629 1243 2688 in
1287 2625 1691 2688 Ecclesiamm
1714 2629 1813 2688 ”fa-

170 2707 380 2769 bricas
407 2749 425 2777 ,
461 2723 570 2763 seu
607 2706 670 2762 in
707 2707 1217 2766 sustentationem
1260 2723 1601 2783 pauperum
1626 2706 1834 2781 ipsius'

172 2784 298 2847 loci
313 2797 748 2857 ‚quacumque
769 2785 1178 2842 conventione
1193 2829 1211 2856 ‚
1242 2800 1349 2841 seu
1374 2783 1819 2858 compositione

217 2879 293 2922 ro
313 2901 320 2908 ·
343 2858 700 2935 hujusmodi
728 2858 1034 2918 fructibus
1072 2858 1232 2918 male
1266 2861 1569 2936 perceptis
1604 2857 1816 2934 prohi-

173 2881 348 3010 {itm
375 2945 451 2994 ut
477 2935 540 2993 in
559 2933 773 2994 eodem
805 2933 1083 2994 Concilio
1113 2955 1260 2992 sess.
1290 2933 1388 2990 23.
1414 2953 1549 3008 cap.
1572 2951 1638 2990 ·1.
1664 2953 1819 3010 prae.

178 3012 498 3075 scribitur.
521 3009 814 3072 Similiter
839 3011 1182 3086 impositam
1205 3030 1240 3069 a
1260 3007 1553 3084 praedicto
1579 3009 1685 3068 Pio
1704 3013 1815 3073 IV.

179 3090 622 3152 praedecessore
661 3107 909 3162 poenam
951 3087 1289 3145 amissionis
1329 3082 1693 3144 facultatum
1726 3095 1816 3143 te-

179 3165 386 3228 standi
435 3173 500 3224 et
551 3161 950 3238 disponendi,
997 3163 1046 3221 si
1087 3181 1223 3238 quai
1274 3158 1821 3237 transgressoribus

179 3237 538 3321 huiusmodi
591 3248 938 3314 competere
991 3237 1428 3313 dignoscantur
1464 3259 1484 3313 3
1524 3255 1637 3294 nec
1690 3257 1821 3297 non

181 3313 698 3380 inhabilitatisad
727 3320 986 3391 majores
1010 3315 1350 3390 Dignitates
1368 3354 1387 3379 ,
1425 3323 1489 3374 et
1527 3309 1821 3374 Ecclesias

179 3389 549 3460 obtinendas
573 3435 590 3469 ,
631 3411 817 3470 quam
855 3391 1148 3470 praefatus
1193 3405 1443 3472 quoque
1488 3388 1819 3454 Praedeces·
