2400 3996
769 196 1218 264 BULLARmM.
1659 220 1783 292 217

141 307 287 384 pis‘,
349 314 417 364 et
467 305 775 382 Episcopis
805 350 822 380 ,
881 304 1380 368 Ecclesiasticum.
1415 320 1789 371 conventum
1842 306 1947 373 Α”ιῖι
1970 338 2051 371 ιω

145 380 538 445 celebrantes
561 425 578 455 ,
619 392 952 459 antequam
993 404 1162 443 sacra
1206 387 1493 459 mysteria
1535 386 1790 447 confice·
1884 387 2029 457 174⁶·

150 478 360 519 remus
385 502 403 531 ,
445 458 731 517 exhibitis
759 458 944 519 Nobis
983 462 1209 533 iterum
1241 463 1591 539 iterumque
1616 485 1652 523 a
1688 466 1792 523 Di·

151 534 312 595 lecto
347 532 512 594 Filio
547 538 770 595 Nostro
799 535 1114 595 Joachimo
1143 536 1333 597 Tituli
1371 542 1468 597 SS-
1516 544 1797 615 Quatuor

152 617 622 675 Coronatorum
640 610 1004 687 Presbytero
1017 616 1079 672 S.
1105 617 1179 672 R„
1213 618 1284 672 E.
1314 614 1629 675 cardinali
1657 622 1795 675 Por-

153 699 480 748 tocarrero
515 698 906 763 nuncupato,
940 702 1053 765 per
1079 707 1379 765 organum
1404 690 1623 751 Dilecti
1657 691 1799 752 Filii

155 763 402 840 Virgilii
431 767 831 825 Montecatini
868 765 1321 826 Consistorialis
1353 766 1527 828 Aulae
1567 770 1800 828 Nostrae

158 840 501 911 Advocati,
541 841 977 917 praedictorum
1019 842 1519 903 Christianorum
1570 844 1798 903 Princi-

161 934 307 1051 Bum
327 961 344 990 ,
391 914 797 976 Ecclesiarum
825 962 841 990 ,
869 928 930 977 et
972 917 1341 994 Populorum
1372 920 1799 996 postulationi-

205 1014 278 1051 us
308 1037 326 1063 ,
389 1014 462 1051 ac
512 995 674 1054 votis
723 1013 840 1071 pro
901 996 1088 1069 ipsius
1139 998 1369 1054 BEATI
1398 1000 1711 1057 JOSEPHI
1747 1002 1804 1057 A

168 1072 541 1129 LEONISSA
559 1083 576 1137 ,⁴
593 1070 1114 1147 quemadmodum
1135 1072 1321 1129 etiam
1346 1091 1459 1148 pro
1480 1078 1805 1132 Beatorum

171 1143 396 1205 Fidelis
439 1166 477 1204 a
510 1146 924 1222 Sigmaringa‚
969 1145 1217 1207 Camilli
1257 1147 1335 1205 de
1375 1146 1553 1208 Lellis
1578 1194 1595 1221 ,
1642 1149 1805 1209 Petri

172 1219 486 1297 Regalati,
523 1233 586 1281 et
629 1222 980 1282 catharinae
1019 1223 1094 1281 de
1133 1224 1352 1293 Ricciis
1392 1222 1648 1283 solemni
1688 1228 1803 1297 Ca·-

175 1298 608 1372 nonizatione,
654 1296 979 1375 implorata
1013 1300 1182 1375 prius
1228 1297 1578 1358 Coelestium
1623 1300 1807 1375 Spiri-

177 1384 354 1433 tuum
383 1418 403 1448 ,
464 1384 527 1433 et
586 1378 946 1434 Sanctorum
999 1376 1275 1434 omnium
1333 1375 1810 1449 intercessione,

177 1461 364 1527 atque
401 1450 691 1511 invocato
717 1450 1051 1525 „Paraclyto
1085 1450 1354 1527 Spiritu,
1393 1452 1471 1511 ad
1514 1450 1815 1511 honorem

179 1530 414 1588 Sanetae
458 1536 522 1585 et
571 1527 913 1588 Individuae
957 1529 1279 1587 Trinitatis
1306 1573 1321 1599 ,
1368 1528 1447 1587 ad
1502 1526 1817 1587 exaltatio·

185 1622 323 1661 nem
368 1600 543 1662 Fidei
579 1602 948 1680 Catholicae,
989 1614 1052 1663 et
1079 1603 1444 1664 Christianae
1482 1603 1817 1681 Religionis

183 1690 584 1755 augmentum
606 1721 622 1749 ,
663 1700 732 1740 ac
774 1680 852 1740 de
891 1700 1174 1740 concessa
1213 1679 1550 1741 humilitati
1586 1686 1819 1741 Nostrae

187 1753 550 1831 Apostolicae
595 1758 976 1817 auctoritatis
1024 1756 1410 1833 plenitudine
1436 1802 1453 1829 ,
1504 1760 1705 1835 ipsum
1748 1760 1817 1816 B.

187 1836 588 1892 JOSEPHUM
643 1833 896 1895 Ordinis
928 1836 1239 1895 Minorum
1288 1834 1825 1911 Cappuccinorum

183 1906 585 1968 Sacerdotem
645 1912 924 1969 omnium
975 1910 1471 1969 Christianarum
1520 1911 1827 1971 virtutum

191 1981 378 2045 laude
424 2029 441 2058 ,
507 1982 1044 2064 plurimorumque
1093 1986 1531 2067 miraculorum
1584 1986 1825 2064 gloria,

195 2073 448 2122 maturo
473 2066 695 2122 Nostro
718 2107 735 2136 ,
770 2075 832 2122 et
857 2063 1231 2123 adstantium
1264 2069 1551 2124 Fratrum
1578 2069 1827 2123 Nostro·

183 2159 335 2198 rum
379 2136 613 2216 judicio
647 2139 1198 2198 cumulatissimum
1226 2183 1243 2210 ,
1278 2142 1403 2200 una
1437 2159 1578 2199 cum
1614 2139 1830 2216 praefa-

197 2217 276 2274 tis
319 2213 554 2286 Fideli,
593 2214 892 2287 Camillo,
923 2221 1102 2274 Petro
1123 2257 1142 2285 ‚
1181 2225 1247 2274 et
1282 2215 1652 2286 catharina,
1685 2218 1831 2272 San·

198 2301 370 2350 ctum
399 2311 530 2350 esse
567 2288 982 2361 decrevimus,
1018 2300 1078 2350 et
1111 2289 1536 2364 definivimu5‚
1576 2309 1648 2350 ac
1688 2293 1833 2349 San·

201 2378 448 2426 ctorum
483 2366 778 2442 Catalogo
815 2365 1277 2442 adscripsimus,
1316 2371 1573 2443 ejusque
1608 2385 1836 2427 memo·

205 2445 362 2504 riam
384 2483 402 2510 ‚
445 2463 629 2520 quam
671 2445 738 2502 in
781 2443 1157 2520 subsequuta
1199 2444 1389 2501 Missae
1428 2440 1842 2502 celebratione

207 2523 328 2580 Nos
357 2520 471 2596 ipsi
493 2519 853 2580 solemniter
876 2519 1152 2579 venerati
1177 2537 1385 2578 sumus
1401 2564 1419 2593 ,
1436 2516 1527 2578 ab
1556 2521 1845 2580 universa

208 2594 476 2656 Ecclesia
532 2598 862 2672 quotannis
911 2597 1014 2656 die
1056 2615 1142 2657 tv.
1202 2594 1527 2657 Februarii
1566 2595 1846 2672 religiose

208 2663 330 2732 coli
371 2672 846 2751 mandavimus3
886 2674 949 2732 in
993 2672 1253 2732 Nomine
1286 2677 1515 2748 Patris,
1565 2683 1630 2734 et
1666 2670 1846 2742 Filii,
1898 2707 1901 2712 -

211 2760 274 2809 et
300 2750 566 2826 Spiritus
591 2751 819 2809 Sancti.
854 2747 1160 2810 Omnibus
1191 2767 1437 2826 quoque
1468 2748 1847 2811 christifid‘e-
1871 2763 2149 2832 hanlgm.

215 2825 379 2885 libus
423 2825 504 2883 ad
561 2835 748 2887 tantae
791 2824 1196 2886 solemnitatis
1244 2825 1665 2902 celebritatem
1704 2845 1848 2886 con·
1872 2833 1979 2886 tiae.

215 2903 514 2978 gregatis,
555 2899 933 2977 Plenariam,
980 2902 1075 2960 his
1100 2920 1288 2975 vei-0,
1326 2903 1435 2976 qui
1466 2900 1720 2976 singulis
1743 2921 1852 2960 an·

221 2979 313 3038 nis
337 3022 354 3051 ,
391 2977 686 3054 praedicta
730 2978 830 3038 die
857 3023 874 3054 ,
930 2977 1008 3036 ad
1054 2975 1323 3053 ejusdem
1368 2975 1576 3035 Sancti
1624 2977 1857 3052 Corpus
1904 3007 1907 3011 ·

221 3054 648 3116 venerandum
697 3054 1120 3117 accessissent,
1160 3069 1224 3109 se
1269 3062 1392 3111 tem
1450 3070 1758 3111 annorum
1794 3063 1859 3111 et

223 3129 485 3190 totidem
507 3127 1036 3208 quadragenarum
1052 3125 1214 3188 Indu
1242 3125 1512 3203 gentiam
1530 3172 1547 3200 ‚
1574 3129 1639 3188 in
1660 3127 1861 3187 forma

223 3205 504 3266 Ecclesiae
550 3219 842 3268 consueta
862 3252 882 3282 ,
943 3203 1419 3266 misericorditer
1472 3204 1542 3264 in
1596 3204 1861 3264 Domino

225 3282 436 3358 largiti
489 3281 742 3342 fuimus.

302 3354 634 3432 Gaudeant
666 3360 854 3436 igitur
892 3359 958 3418 in
988 3359 1254 3420 Domino
1278 3359 1576 3420 universae
1620 3357 1864 3420 familie

228 3436 510 3512 gentium
537 3481 555 3508 ,
606 3445 670 3495 et
723 3439 786 3497 in
842 3433 1096 3499 vocibus
1147 3433 1543 3498 exultationis
1598 3435 1866 3513 jubilent

316 3513 478 3573 me.
517 3511 638 3573 IV.
1516 3516 1573 3573 K
