2400 3996
744 138 1192 207 Boanum.
1671 141 1803 210 335

147 247 322 313 dinis
356 292 370 319 ‚
419 249 768 311 ministrare
807 294 826 323 ,
884 260 948 311 et
1001 249 1423 313 administrari
1474 251 1661 313 etiam
1707 252 1791 313 fa·
1838 261 2059 315 Asso

149 347 334 401 cere,
377 337 440 387 et
475 347 832 404 procurare.
1888 330 2035 401 1746.

254 414 346 465 Ac
408 425 806 482 quaecumque
885 404 1183 465 Beneficia
1246 402 1659 467 Ecclesiastica
1732 407 1797 467 in

150 492 417 559 quarta,
459 492 522 542 et
562 485 779 559 quinta
817 482 1097 558 partibus
1144 483 1355 544 divisis
1380 526 1397 555 ,
1444 484 1795 560 assignatis,

151 561 484 636 exemptis,
529 570 592 620 et
643 558 910 641 liberatis
961 558 1234 637 praefntis
1284 562 1616 637 respective
1674 561 1795 621 exi·

151 641 425 710 stentia,
466 646 530 695 et
564 657 698 715 quoe
741 646 922 695 antea
965 636 1042 695 ad
1091 636 1279 714 ipsius
1332 639 1606 716 Episcopi
1648 636 1795 697 Flu·

158 715 341 774 minis
386 716 666 775 sanum-ii
714 712 1138 787 collationem,
1195 716 1605 791 provisionem
1634 760 1651 785 ,
1705 716 1796 775 in-

153 792 542 851 stitutionem
569 836 586 865 ,
627 811 736 851 seu
781 792 1062 867 quamvis
1111 790 1297 851 aliam
1338 792 1801 870 dispositionem

155 866 563 945 pertinebant
597 915 615 939 ‚
673 871 1010 945 respective
1058 869 1339 929 conferre
1375 914 1392 941 ,
1450 882 1513 930 et
1556 870 1634 929 de
1682 868 1801 929 illis

157 944 488 1023 disponere
513 990 530 1012 ,
569 966 640 1005 ac
682 947 752 1005 in·
779 947 866 1007 eis
906 946 1264 1023 instituere3
1310 944 1579 1021 Calices,
1618 952 1797 1007 Cam-

156 1038 392 1099 panas,
431 1025 843 1095 Vestimenta,
899 1022 1291 1100 corporalia,
1348 1034 1411 1104 et
1464 1024 1583 1084 alia
1620 1028 1797 1083 Para-

163 1111 371 1165 menta
403 1144 420 1173 ,
475 1110 538 1159 et
591 1110 953 1161 ornamenta
1007 1118 1405 1173 consecrare,
1450 1113 1512 1162 et
1549 1100 1797 1161 benedi·

161 1197 329 1251 cere,
381 1176 706 1247 Ecclesias,
753 1180 1151 1249 Coemeteria‚
1199 1188 1263 1237 et
1315 1182 1471 1237 Loca
1513 1176 1800 1237 Ecclesia-

163 1256 314 1314 stica
341 1256 658 1329 sanguinis
683 1298 700 1326 ,
746 1252 847 1313 vel
871 1257 1118 1315 seminis
1157 1253 1450 1315 effusione
1472 1301 1488 1327 ‚
1514 1275 1621 1313 seu
1654 1253 1803 1315 alias

164 1330 631 1407 quomodolibet
665 1329 899 1410 polluta
927 1377 944 1401 ,
983 1352 1089 1407 seu
1116 1331 1437 1408 profanata
1461 1378 1477 1403 ‚
1509 1352 1667 1408 aqua
1693 1352 1805 1409 per

165 1410 324 1485 ipsos
351 1408 674 1469 benedicta
703 1407 1096 1469 reconciliare
1119 1451 1132 1473 .
1161 1410 1439 1486 ipsasque
1474 1407 1764 1469 Ecclesiae
1784 1451 1802 1482 ,

167 1496 229 1546 et
289 1492 448 1546 Loca
497 1485 613 1547 sub
651 1486 1000 1545 Territoriis
1047 1488 1384 1563 Gojasiensi
1424 1530 1441 1559 ,
1514 1496 1578 1545 et
1622 1492 1803 1565 Cuia-

165 1561 382 1628 baensi
424 1563 690 1639 praefatis
733 1562 1170 1639 comprehensa
1195 1608 1215 1636 ,
1260 1572 1323 1621 et
1375 1561 1625 1641 illorum
1666 1568 1803 1624 Per·

165 1658 344 1718 sonas
373 1642 708 1718 respective
737 1641 1021 1713 visitare,
1057 1661 1126 1705 ac
1163 1641 1226 1699 in
1260 1637 1507 1700 illorum
1541 1649 1803 1715 statum,

168 1720 440 1795 regimen
464 1760 478 1781 ‚
519 1728 751 1779 statuta
778 1762 790 1775 .
832 1716 1305 1778 consuetudines
1330 1762 1349 1789 ,
1389 1720 1579 1780 vitam
1610 1763 1627 1790 ‚
1675 1739 1802 1779 mo-

171 1815 298 1868 res,
341 1796 532 1868 rituS,
590 1793 812 1856 delicta
839 1838 854 1862 ‚
895 1804 960 1855 et
1000 1793 1555 1871 disciplinam‘tam
1604 1797 1667 1854 in
1706 1816 1803 1855 ca-

167 1874 332 1948 pite,
389 1891 574 2008 quam
633 1873 700 1931 in·
755 1871 1046 1933 membris
1104 1872 1468 1949 inquirere,
1516 1892 1627 1931 nec
1676 1892 1805 1933 non

170 1955 416 2027 Evange
445 1950 544 2010 icoe
566 1994 583 2023 ‚
623 1958 686 2010 et
715 1947 1076 2025 Apostolicae
1117 1950 1413 2010 doctrinae
1433 1994 1450 2021 ,
1486 1969 1807 2026 sacrorum

173 2032 498 2088 Canonum
520 2071 534 2092 ‚
567 2037 630 2086 et
655 2026 1026 2102 generalium
1055 2025 1471 2086 Conciliorum
1504 2028 1805 2100 Decretis,

171 2117 232 2164 et
258 2105 566 2164 Institutis
592 2103 979 2175 inhaerendo,
1020 2102 1126 2162 ubi
1157 2123 1227 2163 ea
1257 2121 1643 2180 quacumque
1674 2122 1815 2162 mu·-

171 2183 408 2242 tatione
437 2225 454 2252 ,
499 2181 883 2242 correctione
909 2224 926 2251 ,
957 2179 1421 2252 emendatione,
1445 2180 1769 2255 punitione
1788 2223 1805 2252 ,

169 2260 596 2331 revocatione,
637 2279 710 2318 ac
745 2259 931 2318 etiam
962 2277 1030 2316 ex
1071 2257 1612 2333 integro‘editione
1646 2255 1805 2316 indi·

173 2357 314 2413 gere
361 2336 764 2412 cognoverint
794 2380 811 2410 ,
859 2334 1192 2410 respective
1247 2334 1630 2406 reformare,
1676 2353 1807 2392 mu-

173 2425 354 2550 tat-ed,
411 2414 716 2490 corrigere
744 2457 761 2486 ,
819 2411 1044 2490 punire
1073 2437 1112 2486 ,·
1152 2431 1225 2470 ac
1272 2411 1460 2470 etiam
1512 2409 1589 2470 de
1623 2430 1809 2472 -novo

174 2511 290 2550 con
339 2511 466 2550 ere.

253 2572 378 2628 Nec
417 2587 539 2627 non
583 2564 968 2627 Beneficiales
995 2612 1012 2640 ‚
1057 2563 1655 2644 Matrimonialesque
1685 2609 1703 2639 ,
1748 2575 1813 2628 et

181 2664 598 2722 quascumque
643 2643 792 2704 alias
830 2665 1040 2704 causas
1078 2643 1517 2706 Ecclesiasticus
1552 2691 1568 2714 ‚
1622 2653 1686 2704 et
1726 2645 1808 2703 ci-

178 2720 329 2783 viles
354 2722 429 2781 ad
459 2722 659 2781 forum
687 2719 1166 2783 Ecclesiasticum
1193 2721 1655 2801 quomodolibet
1674 2739 1809 2797 per·

175 2802 454 2861 tinentcs
496 2809 696 2858 motas
717 2839 730 2866 ‚
774 2809 838 2860 et
887 2799 1204 2860 inchoatas
1225 2843 1243 2872 ‚
1282 2819 1353 2859 ac
1389 2800 1638 2859 interim
1682 2817 1809 2857 mo-

171 2876 413 2939 ‘vendas-
431 2923 448 2949 ‚
463 2895 602 2936 cum
623 2897 832 2937 earum
861 2877 1271 2938 incidentibus
1288 2919 1307 2948 ‚
1324 2871 1774 2950 emergentibus
1792 2918 1810 2946 ,

169 2955 464 3025 annexis,
502 2963 563 3012 et
579 2954 865 3014 connexis
888 2953 1135 3026 audire,
1156 2951 1551 3024 decidere,et
1572 2994 1589 3023 ,
1624 2962 1813 3027 prout

177 3033 332 3108 iuris
357 3031 595 3102 fuerit,
641 3031 1011 3102 terminare,
1051 3049 1156 3090 seu
1199 3045 1407 3088 causas
1440 3030 1631 3103 ipsas,
1672 3024 1809 3099 alii,

171 3106 278 3168 :vel
323 3104 462 3167 aliis
484 3106 722 3168 idoneis
747 3153 765 3177 ,
803 3107 1020 3189 modo,
1057 3118 1122 3166 et
1146 3107 1342 3167 forma
1374 3103 1641 3180 praefatis
1668 3123 1812 3164 cum

171 3182 405 3257 simili,
449 3183 546 3244 vel
571 3183 830 3246 limitata
863 3193 1164 3262 potestate
1185 3183 1419 3262 pariter
1446 3179 1809 3255 audiendaS,

169 3272 242 3322 -et
285 3261 708 3322 terminandas
747 3260 1047 3339 delegare.

256 3343 346 3398 Ae
378 3337 650 3416 denique
678 3337 922 3416 plenam
943 3384 960 3410 ,
989 3357 1223 3399 meram
1244 3381 1261 3410 ,
1304 3346 1367 3396 et
1394 3333 1809 3397 omnimodam

169 3413 561 3491 spiritualem
589 3461 608 3491 ,
650 3427 713 3478 et
755 3417 1263 3492 Ecclesiasticam,
1286 3427 1377 3476 'ac
1420 3412 1810 3479 ordinariam
