2400 3996
554 109 679 176 516
1042 108 1428 175 Bmmmcn
1469 106 1643 174 XIV.

290 230 427 283 Pon
446 246 495 281 τ.
554 240 679 280 esse
709 230 771 279 et
816 219 947 279 fore
973 219 1357 279 decernimus
1389 239 1600 279 omnes
1641 221 1867 279 Causas
1895 221 2186 294 pecunia·

292 302 357 351 Α.
380 298 499 349 vll.
556 300 676 357 rias
696 338 713 368 ‚
744 306 852 356 aut
879 296 1163 374 profanas
1180 341 1196 370 ‚
1219 316 1480 373 quarum
1499 294 1675 356 valor
1701 292 1796 357 vel
1827 298 2150 357 aestimatio
2167 343 2184 369 ‚

288 399 464 449 graves
558 374 760 453 quoad
799 375 1328 447 citramontanas,
1367 392 1666 432 summam
1706 375 2190 449 quingentorum

254 466 487 521 quaenam
554 461 866 535 scutorum
917 471 1246 511 aureorum
1276 496 1292 521 ‚
1342 469 1466 527 quo
1505 470 1654 511 vero
1705 450 1779 510 ad
1829 455 2060 511 Causas
2113 450 2194 510 de

254 518 520 598 ⁰9¹¹⁸²¹²doe
557 527 837 589 Partibus
869 527 1337 603 ultra‘Monte5‚
1377 525 1546 587 mille
1589 537 1900 588 scutorum
1943 528 2082 587 auri
2113 529 2187 588 si-

254 592 382 639 ’Μ’
557 605 791 665 milium
838 626 1137 673 summam
1178 624 1302 665 non
1346 606 1610 681 attingat
1645 626 1662 665 z
1693 602 1914 664 Itidem
1960 609 2192 665 Causas

556 681 940 743 Beneficiales
958 728 974 757 ,
999 692 1105 748 aut
1122 701 1303 767 super
1316 680 1718 751 'Pensionibus
1735 680 2190 754 EcclesiasticiS‚

555 780 663 819 seu
691 757 1202 819 reservationibus
1246 758 1560 823 fructuum
1597 758 2042 822 Beneficiorum
2077 764 2185 819 Ec-

556 836 1024 896 clesiasticorum
1047 881 1063 909 ,
1103 832 1212 894 ubi
1249 832 1425 899 valor
1454 856 1696 895 annuus
1729 834 2046 909 Beneficii,
2081 846 2192 896 aut

556 934 760 983 annua
795 914 1041 983 Pensi0‚
1079 910 1176 975 vel
1211 913 1522 989 quantitas
1560 912 1871 979 fructuum
1917 932 2189 975 reserva-

558 1002 764 1051 torum
802 1036 819 1063 ‚
878 1010 1180 1059 summam
1242 989 1461 1067 viginti
1513 999 1778 1067 quatuor
1825 988 2192 1051 ducatorum

557 1068 693 1127 auri
726 1066 803 1126 de
837 1070 1094 1126 Camera
1136 1084 1261 1137 non
1297 1064 1578 1139 excedat,
1607 1086 1676 1125 ac
1704 1065 2039 1133 dummodo
2063 1088 2192 1129 non

558 1154 776 1221 agatur
836 1143 912 1203 de
959 1144 1265 1221 Dignitate
1318 1152 1458 1220 post
1506 1141 1915 1217 pontificalem
1961 1150 2194 1221 majore

560 1224 625 1358 itll
666 1219 1055 1313 Cathedrali‚
1092 1229 1198 1283 aut
1233 1218 1560 1299 principali
1599 1221 1662 1292 in
1705 1219 2040 1297 Collegiata
2083 1224 2191 1281 Ec·

560 1320 592 1359 c
623 1318 767 1359 esua.

320 1395 434 1460 Qun
464 1408 542 1443 n-
635 1381 707 1435 In
731 1379 1039 1437 Censuum
1060 1383 1269 1434 autem
1287 1418 1304 1449 ,
1331 1378 1658 1437 Canonum
1677 1418 1694 1447 ,
1719 1384 1783 1433 et
1813 1374 2194 1435 servitutum

262 1462 405 1515 tione
428 1462 538 1511 nenti
562 1455 810 1524 causis,
852 1462 923 1512 ut
965 1472 1079 1529 pro
1144 1471 1355 1523 earum
1403 1448 1613 1523 valore
1666 1450 2025 1511 aestimando
2059 1497 2076 1526 ‚
2124 1471 2195 1511 ac

262 1528 484 1608 namatus
561 1528 1023 1597 determinanda
1061 1537 1504 1604 consequenter
1535 1548 1750 1589 earum
1777 1529 2196 1605 pertinentia,

260 1604 337 1646 ⁸¹⁸²
395 1594 539 1647 '²¹⁰¹
562 1619 791 1667 certam
819 1604 1095 1677 similiter
1112 1650 1128 1679 ‚
1151 1614 1214 1665 et
1243 1614 1475 1683 :equam
1497 1603 1764 1683 regulam
1783 1650 1801 1681 ,
1823 1618 1885 1671 et
1912 1625 2198 1673 normam

261 1661 546 1715 C⁸⁰⁸⁸m¹¹²
564 1681 913 1758 tradamus3
944 1682 1362 1755 decernimus,
1393 1691 1577 1757 atque
1597 1682 1954 1752 statuimus,
1984 1693 2058 1742 ut
2089 1680 2198 1741 ubi

262 1743 540 1807 supa-eea-
566 1771 782 1837 agatur
802 1758 878 1819 de
904 1756 1193 1817 Cens'rbus
1217 1756 1703 1839 redimibilibus,
1731 1768 1792 1823 et
1821 1758 1900 1818 ad
1932 1759 2197 1819 formam

265 1798 542 1923 εζὶιζῗῖαἷῑ.
564 1836 1036 1898 Constitutionis
1075 1834 1351 1913 praedicti
1389 1836 1484 1899 Pii
1511 1841 1683 1913 Papae
1708 1838 1786 1897 V.
1830 1837 2055 1897 creatis
2089 1856 2198 1897 seu

264 1914 364 1985 bu'·
408 1936 511 1987 etc.
564 1908 945 1987 constitutisJ
986 1921 1049 1971 et
1088 1916 1319 1973 Census
1357 1913 1571 2002 ipsein
1612 1913 2031 1987 controversia
2056 1933 2192 1979 ver·

562 2003 731 2055 setur
749 2038 766 2067 ,
794 1987 1166 2052 attendenda
1188 1990 1269 2050 sit
1296 1990 1638 2070 quantitas,
1666 2012 1769 2052 seu
1789 1989 1964 2066 valor
1977 1992 2198 2066 sortia,

562 2072 690 2131 s'ive
716 2069 1106 2158 proprietatis
1142 2073 1452 2129 Censuum
1485 2065 1836 2146 hujusmodi
1864 2090 1882 2129 :
1906 2069 2030 2130 Ubi
2050 2089 2200 2140 vero

562 2147 979 2208 controversia
1025 2145 1103 2205 sit
1134 2145 1213 2205 de
1248 2143 1325 2205 ali
1376 2164 1452 2205 uo
1500 2150 1704 2205 Censu
1760 2148 2138 2211 reservativo
2181 2189 2196 2218 ,

564 2229 849 2297 Canoue‚
883 2220 1110 2284 Livello
1133 2268 1150 2296 ‚
1184 2231 1291 2282 aut
1315 2243 1350 2281 a
1378 2224 1393 2281 i
1443 2242 1518 2282 ua
1551 2243 1790 2295 annua,
1815 2233 1877 2283 et
1901 2233 2200 2300 perpetua

562 2304 987 2379 praestatione,
1026 2310 1341 2377 tamquam
1432 2297 1594 2359 ebita
1637 2319 1707 2358 ex
1749 2310 1918 2360 certo
1959 2299 2198 2375 fundo,

563 2387 715 2438 tunc
770 2376 1049 2438 volumus
1108 2375 1323 2437 haberi
1374 2377 1679 2436 rationem
1725 2373 1950 2438 valoris
2007 2379 2199 2462 ipsius

565 2453 781 2526 fundi,
826 2474 1008 2530 super
1033 2473 1190 2531 quo,
1229 2455 1356 2513 sive
1383 2474 1453 2513 ex
1489 2472 1612 2533 quo
1652 2451 2007 2531 hujusmodi
2038 2459 2198 2516 Cen-

564 2537 666 2590 Sus
686 2575 702 2600 ‚
732 2550 839 2590 seu
866 2536 1078 2592 Canon
1105 2574 1121 2602 ‚
1151 2528 1447 2593 Livellum
1477 2577 1494 2604 ‚
1535 2539 1644 2589 aut
1677 2532 1984 2609 praestatio
2007 2574 2021 2592 .
2052 2551 2194 2610 con·

566 2608 782 2665 stituta
806 2651 823 2680 ,
845 2616 1149 2666 reservata
1168 2651 1185 2678 ‚
1206 2627 1309 2666 seu
1342 2605 1491 2668 alias
1562 2627 1761 2698 noque
1781 2607 1963 2670 modo
1988 2605 2202 2668 debita

566 2683 805 2744 fuerint
840 2704 857 2742 ε
898 2688 973 2743 In
1012 2683 1223 2742 Causis
1259 2689 1462 2742 autem
1537 2685 1832 2746 ‘ervltutis
1870 2681 2049 2745 realis
2089 2695 2202 2746 aut

567 2762 767 2822 mixtae
792 2807 807 2836 ‚
858 2758 1369 2820 considerandum
1429 2779 1556 2821 esse
1596 2760 1878 2822 volumus
1919 2760 2202 2824 valorem

567 2837 814 2920 praedii,
850 2857 1031 2914 super
1090 2856 1215 2914 quo
1258 2837 1528 2898 Servitus
1584 2839 1710 2916 ipsa
1761 2841 2198 2902 contenditur:

568 2916 665 2992 'Ad
705 2915 821 2976 hoc
849 2917 1169 2990 nimirum,
1200 2923 1272 2974 ut
1298 2912 1544 2992 singulae
1580 2936 1774 2976 causae
1806 2915 2160 2995 hujusmodi
2183 2963 2200 2990 ‚

568 3014 681 3077 pro
719 3013 927 3054 earum
969 2992 1302 3069 respectiva
1345 2991 1772 3062 aestimatione,
1808 3003 1870 3052 et
1899 3003 2092 3073 prout
2127 3015 2204 3054 ex

568 3070 847 3148 partibus
887 3072 1077 3141 citra,
1116 3065 1212 3129 vel
1257 3065 1422 3128 ultra
1461 3075 1696 3129 Montes
1734 3069 1997 3144 fuerint,
2028 3077 2202 3148 juxta

532 3169 541 3178 ·
569 3159 641 3208 ‘ea
658 3194 673 3222 ‚
693 3167 828 3227 quae
860 3148 921 3206 in
942 3143 1358 3222 superioribus
1383 3147 1853 3224 praescripsimus
1873 3192 1892 3222 ‚
1914 3147 2164 3210 Rotales
2182 3195 2200 3222 ‚

574 3235 682 3284 aut
719 3220 1057 3283 Praelatitiae
1090 3233 1474 3283 censeantur.

320 3321 552 3375 Consen—
650 3299 946 3361 Volumus
986 3309 1232 3374 tamen,
1266 3309 1453 3377 atque
1496 3299 1913 3376 concedimus,
1939 3311 2044 3375 ut,
2081 3299 2198 3362 sal-

274 3407 361 3444 sus
433 3387 554 3444 Par·
580 3377 669 3451 vis
700 3387 761 3450 et
804 3377 1095 3454 exceptis,
1127 3387 1199 3436 ut
1236 3397 1449 3454 supra,
1486 3377 1696 3440 Cau'sis
1737 3377 2201 3458 Matrimoniali-
