2400 3996
646 169 772 256 274
1105 151 1108 154 ’
1140 167 1535 235 Benemc‘n
1582 166 1757 234 XIV.

379 282 589 334 Pon.
637 295 774 353 cap.
811 294 864 335 1.
911 273 988 334 de
1033 272 1338 352 Rfi’md
1378 286 1511 335 tum
1555 297 1624 335 ea
1666 295 1803 353 quae
1852 275 2041 338 recol.
2086 297 2289 338 mem.
2361 298 2378 312 ·

375 353 582 411 ΑΛἸΙ.
639 352 1044 413 Praedecessor
1097 355 1316 411 Noster
1363 351 1651 412 Urbanus
1704 359 1862 429 Papa
1894 358 2065 416 VIII.
2121 376 2289 432 prae-

639 431 882 506 scripsit
921 431 985 489 in
1025 449 1132 488 sua
1178 429 1635 488 Constitutione
1670 428 1812 488 data
1860 431 2023 505 apud
2074 434 2135 490 S.
2174 437 2283 492 Pe-

637 517 804 566 trum
862 505 962 566 die
1006 526 1114 564 111.
1163 504 1514 565 Decembris
1554 506 1721 565 Anni
1774 511 2237 568 MDCXXXIV.
2268 550 2285 580 ,

685 603 774 643 uae
813 582 933 641 inci
979 583 1029 641 it
1065 583 1287 640 Sancta
1318 581 1622 658 Synodus,
1670 591 1733 640 et
1785 583 1848 640 in
1893 601 2013 656 qua
2048 605 2286 658 praece-

637 603 852 720 gentes
893 601 1152 718 aliorum
1181 663 1599 718 Romanorum
1629 657 1989 716 Pontificum
2020 661 2107 717 Pii
2130 661 2285 733 1V.‚

635 735 916 811 Gregorii
928 739 1122 805 xm„
1143 745 1207 794 et
1224 732 1726 796 ClementisVIII.
1747 738 1929 809 Leges
1946 745 2008 792 et
2026 739 2289 798 Consti-

634 815 908 875 tutiones
943 811 1192 884 retulit,
1232 810 1626 874 confirmavit
1651 854 1670 882 ‚
1696 821 1758 869 et
1784 809 2129 886 ampliavit.
2164 817 2287 873 Ne-

633 909 756 966 que
805 907 960 964 opus
995 898 1086 947 est
1120 906 1439 946 recensere
1476 906 1689 946 omnes
1731 886 2083 961 Eneyclicas
2116 891 2285 950 Lite-

632 985 766 1038 ras,
803 983 940 1040 quae
987 964 1067 1024 ad
1111 962 1495 1054 lfatriarchas
1522 1007 1538 1036 ‚
1562 963 1911 1052 primates,
1950 965 2281 1043 Archiepi-

629 1050 996 1179 ἱεὲειῗὲἓᾶῒξὲ
1041 1037 1999 1176 {gei-‘ieopigsen‘iiedeiiiuiigiiidooneliiu
2019 1045 2285 1193 gxssmczdl:

630 1194 747 1254 hac
790 1191 1136 1270 Apostolica
1208 1191 1359 1252 Sede
1412 1193 1577 1251 mitti
1633 1204 2148 1272 consueverunt3
2210 1207 2286 1260 ut

627 1281 797 1348 patet
822 1290 893 1328 ex
913 1266 1186 1345 Epistola
1219 1275 1383 1346 jussu
1403 1272 1563 1329 Ven.
1584 1266 1753 1329 Servi
1782 1271 1888 1327 Dei
1916 1275 2280 1334 Innocentii
2374 1349 2379 1356 ί

507 1343 514 1350 ’
625 1353 798 1426 Papae
831 1351 940 1406 XI.
986 1344 1445 1406 Praedecessoris
1494 1363 1739 1420 quoque
1782 1348 1985 1405 Nostri
2040 1351 2280 1426 scripta

628 1425 727 1483 die
763 1446 827 1487 v.
865 1422 1188 1482 Februarii
1230 1421 1389 1480 Anni
1428 1425 1924 1480 MDCLXXVIII.
1948 1468 1964 1493 ‚
2006 1423 2163 1484 item
2204 1447 2278 1486 ex

626 1499 746 1568 alia
771 1499 870 1559 die
895 1519 1060 1561 xxiv.
1087 1497 1440 1558 Decembris
1465 1499 1631 1556 Anni
1655 1501 2014 1559 MDCCVII.
2040 1521 2075 1558 a
2103 1499 2272 1562 felic.

627 1575 866 1637 record.
927 1574 1249 1635 Clemente
1288 1579 1449 1650 Papa
1481 1577 1590 1632 XI.
1638 1572 1715 1632 ad
1766 1593 1943 1633 suum
1993 1586 2058 1636 et
2103 1581 2272 1654 Apo-

518 1693 548 1713 .
624 1651 849 1712 stolicae
900 1652 1068 1711 Sedis
1115 1650 1418 1712 Nuntium
1485 1647 1733 1725 Neapoli
1778 1665 2273 1714 commorantem

623 1727 970 1802 conscripta
999 1772 1015 1801 ,
1065 1736 1138 1785 ut
1200 1725 1365 1784 illius
1411 1727 1605 1800 Regni
1654 1724 1939 1786 Praesules
1979 1727 2056 1786 ad
2120 1733 2270 1790 resi-

619 1803 893 1866 dendum
929 1804 994 1862 in
1029 1801 1294 1878 propriis
1326 1799 1602 1860 Ecclesiis
1637 1811 1702 1860 ct
1732 1803 2101 1864 Dioecesibus
2138 1807 2267 1867 adi-

619 1890 956 1958 gerenture,
995 1899 1238 1938 necnon
1282 1899 1352 1936 ex
1382 1877 1653 1954 ejusdem
1686 1874 2019 1939 Clementis
2044 1882 2269 1944 Li'teris

619 1959 685 2018 in
699 1958 898 2019 forma
910 1956 1117 2017 Brevis
1129 1955 1289 2016 datis
1306 1951 1407 2014 die
1426 1975 1565 2018 xxv.
1586 1955 1726 2031 Maii
1744 1956 1909 2014 Anni
1929 1961 1980 2015 Μ
1990 1961 2265 2021 DCCIX.

621 2034 700 2095 ad
742 2029 1238 2109 Archiepiscopos
1269 2077 1286 2106 ,
1330 2042 1392 2091 et
1431 2032 1758 2107 Episcopos
1803 2030 2106 2111 Poloniae,
2158 2037 2265 2115 qui

619 2111 884 2172 obtentu
925 2109 1253 2169 turbarum
1300 2118 1363 2167 et
1412 2106 1890 2182 dissensionum,
1976 2130 2065 2169 uae
2116 2121 2265 2173 tunc

618 2189 683 2248 in
765 2207 838 2247 eo
893 2190 1104 2262 Regno
1169 2184 1579 2245 versabantur
1606 2228 1626 2257 ‚
1689 2202 1829 2243 suas
1884 2129 2264 2263 reliquerant

616 2260 910 2325 Ecclesias
948 2273 1135 2339 atque
1176 2263 1494 2321 Dioeceses.

340 2356 479 2425 Quid
502 2356 596 2407 hac
697 2346 908 2417 Neque
953 2358 1144 2416 porro
1182 2340 1306 2397 Nos
1333 2336 1447 2395 hac
1483 2336 1547 2394 in
1569 2346 1651 2393 're‘
1674 2334 2019 2423 ‘Apostolici
2052 2340 2261 2403 Officii

316 2423 372 2483 in
396 2440 450 2475 ro
472 2440 592 2488 prae-
621 2418 814 2476 nostri
860 2426 1067 2492 partes
1111 2413 1445 2473 desiderari
1490 2412 1898 2489 permisimus.
1929 2414 2047 2475 Vix
2092 2419 2259 2477 enim

346 2489 564 2569 atieefit·
618 2490 1002 2553 inscrutabili
1037 2491 1274 2552 Divinae
1315 2486 1720 2551 Providentiae
1762 2486 2018 2549 consilio
2050 2491 2117 2551 in
2148 2493 2259 2553 hac

313 2555 586 2606 Sancum.
617 2588 901 2643 suprema
955 2564 1231 2627 Ecclesiae
1281 2562 1644 2629 universalis
1682 2564 1929 2640 specula
1972 2565 2257 2629 collocati

313 2622 594 2742 3¹:22ng
617 2645 878 2713 fuimus,
916 2662 1109 2718 quum
1145 2653 1418 2703 veterem
1457 2640 1968 2702 Praedecessorum
2003 2646 2251 2708 Nostro·

313 2760 438 2807 „eh
618 2742 758 2783 rum
795 2740 1027 2780 morem
1073 2720 1136 2777 in
1179 2735 1357 2779 usum
1388 2727 1779 2785 revocantes,
1814 2718 1892 2777 ad
1926 2717 2081 2779 Ven.
2108 2726 2251 2781 Fra-

617 2811 741 2859 tres
782 2796 1058 2857 omnium
1093 2814 1207 2871 per
1243 2794 1475 2855 Orbem
1500 2794 1904 2855 Ecclesiarum
1942 2796 2257 2861 Antistites

616 2870 960 2951 Apostolica
993 2872 1219 2950 scripta
1266 2870 1597 2931 direximus
1622 2912 1639 2942 ,
1680 2871 1904 2949 quibus
1946 2870 2117 2933 inter
2146 2894 2253 2935 cae-

617 2962 748 3013 tera
791 2949 1060 3011 salubria
1103 2948 1376 3023 monita,
1425 2947 1543 3007 hoc
1585 2951 1767 3008 etiam
1817 2948 1897 3008 de
1928 2950 2253 3013 residendo

614 3029 678 3091 in
720 3028 986 3105 propriis
1025 3023 1301 3085 Ecclesiis
1342 3023 1639 3101 peculiari
1692 3024 1899 3086 studio
1936 3024 2011 3085 iis
2057 3028 2251 3089 incul-

615 3115 788 3180 care,
825 3114 888 3165 et
913 3116 1041 3165 tam
1071 3102 1425 3179 gravissima
1452 3100 1677 3181 damna
1706 3147 1723 3177 ,
1758 3121 1905 3179 quae,
1924 3121 1997 3163 ex
2036 3124 2251 3166 eorum

612 3182 889 3242 absentia
930 3181 1345 3258 proveniunt,
1389 3199 1575 3254 quam
1628 3198 1877 3255 magnas
1916 3178 2246 3255 utilitates,

611 3278 761 3333 quas
805 3278 1018 3321 eorum
1067 3256 1392 3335 praesentia
1434 3257 1803 3316 concreditis
1843 3256 1991 3332 ipsis
2020 3260 2244 3319 Dioece·

608 3333 776 3391 sibus
819 3333 996 3393 affert
1031 3380 1046 3407 ‚
1100 3344 1247 3395 ante
1297 3332 1505 3394 oculos
1540 3354 1657 3425 pro
1739 3354 1887 3393 nere
1926 3354 2055 3393 non
2098 3356 2242 3412 prae-

607 3410 1014 3485 tei-misimus,
1057 3423 1130 3473 ut
1165 3410 1375 3476 videre
1409 3422 1499 3475 est
1539 3432 1604 3470 m
1684 3450 1703 3470 .
1732 3408 1793 3487 4.
1822 3410 2113 3495 Epistolae
2132 3416 2242 3473 En-
