2400 3996
563 182 688 249 286
1084 124 1477 247 BaNEmcrt
1530 176 1705 245 XIV.

385 320 421 359 n
445 319 500 359 τ.
562 290 776 361 adeat,
811 290 1274 350 rescribendum
1296 289 1376 349 ab
1407 292 1539 365 ipso
1577 291 1727 361 erit,
1764 298 1837 347 ut
1858 290 2099 348 Orator
2127 288 2205 349 ad

296 366 519 431 ANH.
563 368 846 429 effectum
871 412 888 437 ‚
923 364 1000 426 tle
1027 388 1150 445 quo
1187 368 1252 425 in
1290 366 1577 442 precibus
1595 376 1861 441 :utatur
1891 364 2207 425 mensibus

563 468 603 505 a
646 442 934 507 Conciliis
981 442 1261 503 indultis.
1302 442 1481 517 Quod
1520 445 1571 502 si
1608 445 1693 502 eis
1730 448 1853 519 jam
1898 462 2047 500 usus
2073 442 2205 501 sue-

567 522 679 595 rit,
705 518 964 581 ulterior
989 521 1102 596 ipsi
1131 519 1377 579 licentia
1404 539 1527 578 non
1552 519 1945 578 concedetur.
1966 520 2028 577 Si
2056 538 2208 579 vero

565 598 645 658 de
667 606 796 677 ejus
821 595 1098 656 Ecclesiae
1117 642 1133 671 ,
1165 595 1263 656 vel
1299 594 1465 656 Cleri
1486 596 1669 655 rebus
1691 605 1907 671 agatur
1926 641 1941 668 ‚
1981 596 2209 675 exponi

565 674 886 734 debebunt
909 719 926 746 ‚
969 684 1103 733 tum
1143 684 1339 733 status
1376 671 1537 745 litis,
1574 674 1967 751 eiusdemque
2005 673 2209 749 gravi-

568 762 700 823 tas,
756 762 889 809 tum
931 770 1158 823 causae,
1199 760 1647 827 propterquas
1690 750 2029 809 necessaria
2073 768 2205 808 cre·

567 827 742 887 ditur
783 830 846 885 in
887 823 1024 885 loco
1067 826 1283 903 iudicii
1322 828 1603 885 Oratoris
1642 828 2010 901 praesentia3
2066 836 2203 884 tum

569 905 751 963 etiam
789 901 1263 975 declarandum,
1303 922 1381 961 an
1413 902 1721 964 mensibus
1757 900 2209 962 Conciliaribus

569 998 716 1039 usus
757 979 968 1037 fuerit.
1009 983 1084 1037 Et
1143 979 1393 1056 quidem
1453 980 1502 1037 si
1556 980 1840 1045 nondum
1892 976 2011 1037 illis
2064 998 2207 1037 usus

570 1058 684 1127 sit,
729 1054 1190 1116 rescribendum
1248 1057 1410 1122 erit,
1456 1064 1527 1115 ut
1576 1076 1677 1115 eos
1726 1058 1791 1115 in
1856 1054 2209 1132 hujusmodi

569 1151 816 1192 causam
844 1132 1181 1209 impendat.
1219 1134 1278 1191 Si
1304 1150 1453 1191 vero
1500 1131 1561 1189 id
1612 1130 1874 1208 amplius
1910 1134 2207 1208 Episcopo

571 1211 880 1284 integrum
925 1229 1052 1267 non
1092 1209 1208 1281 sit,
1241 1209 1400 1286 (qua
1440 1209 1503 1266 in
1558 1228 1623 1267 re
1670 1228 1783 1267 nec
1826 1206 2005 1267 dolus
2034 1252 2052 1278 ‚
2098 1227 2209 1266 nec

573 1286 742 1345 fraus
782 1286 1253 1360 intercesserit),
1281 1296 1344 1345 et
1379 1282 1654 1359 alioquin
1690 1286 1876 1361 ipsius
1916 1286 2211 1343 instantia

573 1368 736 1441 iusta
791 1363 1109 1435 videatur,
1153 1372 1399 1421 tantum
1444 1359 1535 1420 illi
1577 1362 1871 1438 temporis
1897 1407 1913 1433 ‚
1970 1372 2033 1421 et
2088 1380 2211 1421 non

575 1437 870 1514 ampliu8‚
903 1439 980 1498 ad
1014 1437 1523 1497 commorandum
1551 1449 1720 1497 extra
1750 1438 2072 1499 Dioeeesim
2108 1440 2210 1497 tri·

577 1513 845 1586 buatnr,
885 1525 1188 1591 quantum
1220 1516 1560 1593 judicatum
1582 1514 1769 1575 fuerit
1805 1515 2215 1577 necessarium

579 1610 739 1663 esse,
773 1591 848 1649 ad
900 1597 1112 1652 Causae
1145 1592 1503 1651 Defensores
1528 1636 1545 1664 ‚
1584 1592 1962 1663 Advocat03‚
2008 1603 2077 1651 et
2113 1596 2217 1649 Ju-

578 1667 744 1725 dices
775 1667 852 1724 de
877 1668 1162 1737 omnibus
1181 1713 1197 1741 ,
1226 1686 1359 1743 quae
1393 1668 1473 1727 ad
1507 1688 1635 1727 rem
1668 1671 2025 1746 pertinent,
2054 1665 2219 1727 suffi-

579 1745 814 1801 cienter
851 1744 1265 1803 instruendo&
1306 1745 1363 1802 Si
1406 1746 1571 1803 enim
1610 1744 1859 1804 licentia
1900 1744 2221 1804 abessendi

581 1840 616 1877 a
656 1820 907 1877 Dioecesi
959 1840 1148 1897 usque
1184 1820 1263 1879 ad
1300 1819 1550 1880 finalem
1594 1825 1821 1881 exitum
1878 1842 2079 1881 causae
2121 1841 2215 1880 ex-

581 1896 752 1954 tendi
782 1895 1036 1955 deberet
1059 1938 1074 1967 ‚
1112 1917 1293 1955 nemo
1318 1917 1443 1956 non
1474 1896 1675 1970 videt,
1708 1918 1893 1974 quam
1921 1898 2219 1957 diuturna

579 1970 945 2050 plerumque
995 1972 1154 2034 foret
1197 1974 1265 2032 in
1301 1973 1465 2034 hisce
1506 1974 1741 2034 casibus
1777 1976 2219 2054 Episcoporum

581 2047 896 2125 absentia,
961 2061 1024 2110 et
1058 2051 1263 2126 'quam
1324 2051 1499 2110 facile
1548 2054 1796 2113 evenire
1847 2064 2051 2128 posset
2077 2096 2094 2126 ‚
2154 2061 2224 2110 ut

524 2189 528 2194 ,
581 2124 888 2204 pleraeque
926 2127 1223 2202 Dioeceses
1248 2128 1658 2206 complurium
1686 2149 1996 2190 annorum
2025 2131 2222 2206 spatio

583 2223 840 2263 suorum
873 2209 1188 2265 Pastorum
1240 2207 1563 2280 praesentia
1602 2215 1905 2264 carerent.

313 2282 455 2361 Quid
487 2297 563 2358 ξε·
661 2282 780 2356 Qui
803 2302 952 2342 vero
980 2280 1293 2341 licentiam
1322 2281 1639 2342 abessendi
1663 2283 1956 2358 petierint
1982 2279 2223 2344 ratione

288 2356 430 2399 '¹0⁰⁸
487 2365 562 2396 ¹¹³·
587 2355 964 2416 infirmitatis
1008 2369 1175 2418 extra
1220 2359 1537 2418 Dioecesim
1576 2369 1906 2418 contractae
1938 2359 2091 2418 dum
2122 2379 2221 2418 va·

282 2414 568 2530 &3:313-
588 2433 832 2492 catione
871 2455 909 2493 a
953 2433 1233 2494 Concilio
1274 2434 1517 2494 indulta
1556 2445 1919 2508 uterentur,
1950 2455 2222 2495 asseren-

287 2548 442 2596 cesim
467 2563 563 2596 con
591 2517 680 2565 tes
724 2527 794 2566 ea
850 2509 928 2568 de
968 2529 1147 2570 causa
1197 2529 1533 2586 regressum
1584 2512 1661 2570 ad
1706 2513 2021 2590 propriam
2064 2514 2220 2571 Dioe-

291 2618 510 2663 tractam
588 2583 770 2648 cesim
811 2585 927 2642 sibi
968 2585 1331 2662 prohibei-{3
1379 2607 1683 2663 exponere
1718 2589 2039 2648 debebunt
2079 2607 2221 2648 con-

587 2668 796 2717 tractae
835 2661 1211 2720 infirmitatis
1248 2661 1610 2739 qualitatem
1634 2709 1651 2731 ‚
1687 2676 1748 2725 et
1792 2685 1974 2742 super
2004 2685 2076 2724 ea
2126 2676 2227 2724 te·-

567 2735 943 2794 'stimonium
963 2737 1543 2814 Mediciiuramento
1569 2741 1883 2801 firmatum
1909 2741 2223 2801 exhibere.

589 2817 796 2888 Atque
837 2812 944 2872 ubi
987 2814 1175 2890 petita
1212 2813 1460 2874 licentia
1504 2818 1522 2874 i
1568 2819 1649 2878 sis
1684 2817 2110 2894 indulgeatur,
2156 2837 2229 2877 ea

590 2907 829 2966 semper
876 2890 954 2950 ad
988 2902 1228 2951 certum
1258 2936 1275 2963 ‚
1320 2913 1391 2951 ac
1432 2892 1508 2952 de
1556 2898 1755 2954 nitum
1800 2905 2043 2972 tempus
2081 2913 2222 2955 eon-

590 2965 724 3027 cedi
777 2967 1027 3028 debebit
1055 3013 1071 3044 ,
1111 2967 1345 3048 adjecta
1386 2990 1633 3048 quoque
1670 2969 1945 3031 clausula
1971 2972 2039 3029 'si
2073 2981 2224 3028 tam·

589 3043 696 3100 diu
728 3043 1044 3120 infirmitas
1079 3045 1395 3105 duraverit.

331 3098 480 3215 (ἔως,
505 3098 570 3214 aad
669 3118 768 3179 Ab
810 3123 882 3180 iis
923 3133 1129 3182 autem
1156 3169 1172 3198 ‚
1214 3124 1321 3199 qui
1365 3122 1715 3201 hujusmodi
1761 3121 2075 3184 licentiam
2119 3142 2225 3198 po·

293 3182 516 3283 ggucl'uuei
542 3192 567 3205 ⁴
594 3197 960 3258 sanaverint
983 3243 996 3265 ν
1038 3220 1110 3259 ⁶0
1147 3201 1311 3276 quod
1351 3203 1505 3259 aeris
1548 3204 1890 3261 mutatione
1932 3221 2087 3278 opus
2114 3199 2227 3259 sibi

293 3317 358 3348 ex
396 3301 576 3348 morbo
596 3291 722 3331 8536
750 3273 959 3332 dicant
984 3275 1076 3333 ad‘
1101 3275 1650 3336 convalescendum
1685 3297 1755 3335 ex
1790 3279 2017 3337 morbis
2035 3323 2051 3350 ,
2078 3295 2229 3352 quos

297 3365 576 3418 inDioecesi
597 3350 661 3406 in
691 3350 814 3408 suis
854 3348 1128 3410 Ecclesiis
1163 3353 1485 3412 residendo
1509 3363 1949 3414 contraxerunt
1976 3399 1992 3428 ,
2032 3355 2226 3430 expri-

294 3439 578 3485 contracto.
601 3424 892 3485 mendum
931 3429 1047 3487 erit
1085 3430 1147 3489 in
1188 3428 1505 3508 precibuS,
1542 3451 1669 3508 quo
1709 3431 1910 3492 morbi
1965 3449 2188 3506 genere
2206 3471 2227 3510 ἱ
