2400 3996
597 174 634 241 5
652 204 666 242 ι
681 174 721 241 8
801 258 808 271 .
1091 178 1477 245 BENEmcrl
1522 177 1697 243 XIV.

301 295 346 351 P
363 312 400 353 o
418 310 457 353 κ
480 310 535 351 r.
596 296 804 363 petere
823 331 839 360 ,
861 283 1272 363 affectumque
1297 306 1425 347 esse
1448 332 1463 359 ‚
1492 298 1555 347 et
1578 288 1709 349 fore
1739 291 1871 348 :Ita
1904 300 1973 349 ut
2002 286 2065 349 in
2098 310 2226 351 om-

297 364 369 419 A.
397 362 534 421 vn.
599 363 812 433 nibus,
847 374 909 423 et
938 363 1187 441 singulis
1228 365 1477 439 causis,
1520 366 1648 426 sive
1688 365 1769 425 ob
1802 386 2014 427 earum
2046 378 2226 427 natu-

598 460 766 514 ram,
800 441 927 501 sive
960 452 1213 519 propter
1252 443 1521 504 Par-tium
1562 440 2033 520 collitigantium
2083 465 2229 505 con-

599 536 839 579 sensum
884 518 1184 597 praedictae
1223 524 1393 581 Rotae
1435 519 1765 581 Auditorio
1799 542 1914 598 pro
1952 533 2237 599 tempore

602 598 961 671 commissis,
1002 608 1063 657 et
1110 596 1601 670 committendis,
1630 600 1815 676 ipsius
1856 603 2026 659 Rotae
2044 604 2230 659 Nota-

605 676 718 747 rii‚
761 676 1063 753 privative
1102 674 1304 753 quoad
1348 686 1595 735 caeteros
1644 695 2058 754 quoscumque
2113 680 2231 737 No-

605 754 798 813 tat-ios
822 800 840 829 ,
874 754 1058 812 etiam
1108 751 1363 829 collegii
1396 753 1772 829 Scriptorum
1806 753 2081 814 Archivii
2102 796 2129 826 5
2168 761 2236 820 et

607 832 807 891 Curiae
849 828 1138 907 capitolii
1181 851 1198 889 ε
1243 835 1477 890 Contra
1513 846 1662 890 vero
1707 832 1770 889 in
1810 830 2133 899 omnibuS,
2170 840 2237 890 et

604 904 857 983 singulis
881 908 1124 979 Gensis,
1157 926 1289 984 quae
1324 906 1406 965 ob
1438 926 1649 967 earum
1687 918 2004 979 naturam,
2029 906 2132 970 vel
2157 905 2238 966 de

602 986 871 1045 Pal-tium
905 983 1371 1059 collitigantium
1408 1004 1734 1053 consensu,
1769 984 2033 1046 Praelatis
2060 994 2238 1045 extra

600 1064 824 1122 Rotam
843 1108 858 1133 ‚
889 1060 984 1123 vel
1005 1109 1020 1135 ‚
1053 1072 1367 1138 tamquam
1388 1060 1465 1121 de
1489 1064 1584 1125 sui
1608 1073 1830 1123 natura
1856 1061 2240 1136 Palatinae,

604 1139 872 1217 ejusdem
911 1144 1082 1202 Rotae
1133 1138 1569 1215 Auditoribu3‚
1605 1158 1729 1199 non
1776 1142 1871 1201 uti
1920 1137 2239 1199 Auditori-

602 1214 754 1288 bus,
785 1217 888 1278 sed
937 1220 1030 1277 uti
1068 1215 1333 1277 Praelatis
1359 1261 1375 1289 ‚
1416 1218 1744 1277 commissae
1782 1217 2054 1291 fuerint,
2110 1220 2235 1278 No·

603 1295 796 1355 tarius
829 1295 1137 1366 Ambivii,
1165 1293 1470 1371 privative
1495 1294 1697 1371 quoad
1732 1292 1880 1356 alios
1910 1313 2237 1373 quoscum·

605 1393 760 1450 que,
794 1384 856 1433 et
891 1375 1200 1451 signanter
1242 1370 1441 1448 quoad
1475 1375 1681 1445 Rotae,
1714 1383 1776 1432 et
1811 1373 2011 1433 Curiae
2051 1370 2237 1448 Capi-

606 1448 813 1511 tolinae
850 1451 1162 1517 NotarioS‚
1208 1446 1475 1507 scribere
1515 1447 1817 1521 debeant,
1854 1460 1917 1509 et
1952 1449 2237 1507 actitare.

339 1549 585 1604 Nomi„
683 1532 838 1587 Item
870 1526 1198 1604 praedictus
1246 1523 1519 1585 Archivii
1562 1528 1882 1601 Notarius,
1930 1526 2249 1603 privative

305 1617 540 1671 Ambivii
610 1603 809 1680 quoad
871 1622 1289 1682 quoscumque
1346 1599 1533 1673 alios,
1572 1604 1840 1663 scribere
1888 1603 2113 1681 debeat
2172 1604 2239 1661 in

306 1687 394 1751 jus
434 1686 586 1735 habet
609 1683 820 1741 causis
850 1686 1286 1757 cuiuscumque
1312 1677 1623 1756 qualitatis
1641 1690 1783 1755 ‚aut
1810 1678 2065 1747 valeria,
2102 1698 2249 1756 quae

308 1752 567 1804 ⁸0¹5b⁰¹²d¹
607 1778 720 1835 per
749 1756 1064 1835 specialem
1096 1757 1602 1817 commissionem
1632 1778 1818 1819 manu
1846 1760 2101 1825 Nostra,
2131 1766 2245 1817 aut

347 1836 515 1870 ‘⁰¹⁸³'
610 1828 1028 1896 successorum
1085 1837 1448 1894 Nostrorum
1496 1836 1793 1910 signatam
1823 1878 1843 1907 ,
1905 1833 2245 1895 commissae

305 1886 591 2008 ft‘d'm't
610 1922 790 1986 sunt,
829 1932 932 1971 seu
971 1913 1437 1971 comminentur
1487 1909 1669 1971 alicui
1726 1932 1799 1971 ex
1835 1910 2067 1971 Sanctae
2115 1914 2244 1971 Ro-

303 1970 452 2077 ὀοέι·
481 1986 500 2021 ’
537 1971 587 2073 ξ
612 2011 807 2052 manae
843 1985 1116 2050 Ecclesiae
1167 1984 1634 2061 cardinalibus,
1678 1998 1787 2050 aut
1833 1986 2015 2049 alicui
2072 1992 2240 2050 Con-

311 2039 546 2144 ηοῃξὶῖξ,
613 2068 990 2146 gregationi‚
1039 2068 1167 2129 sive
1211 2064 1481 2144 eiusdem
1520 2065 1752 2127 Sanetae
1795 2070 2239 2127 Romanam:-

309 2159 590 2229 deputatis.
613 2143 807 2206 clesiae
846 2141 1265 2206 cardinalium
1286 2188 1304 2217 ‚
1349 2144 1479 2203 sive
1511 2143 2033 2204 Romanae'Curiae
2084 2147 2241 2204 Prae·

611 2221 878 2286 latorum
912 2220 1253 2298 specialiter
1286 2219 1590 2296 deputatae
1611 2264 1628 2295 ,
1650 2231 1899 2357 excepta
1924 2219 2248 2281 dumtaxat

611 2302 1097 2376 congregatione
1155 2297 1476 2376 memorati
1524 2295 1796 2357 Tribuna
1827 2299 1873 2357 is
1922 2297 2247 2359 Auditoris

611 2375 930 2437 Generalis
963 2380 1300 2436 Causarum
1337 2373 1537 2433 Curiae
1574 2378 1845 2435 camerae
1876 2374 2247 2452 Apostolicae

608 2455 888 2532 proprios
923 2453 1205 2513 Notarius
1247 2449 1551 2511 habentis.

312 2538 389 2588 De
409 2536 591 2590 Officio
685 2531 980 2604 Quocirca
1021 2525 1280 2590 officiali
1312 2547 1494 2604 super
1519 2528 1822 2592 revisione
1852 2527 2241 2594 Commissio·

313 2605 571 2685 ltevisofis
612 2626 762 2665 num
801 2625 966 2664 nunc
1005 2614 1067 2663 et
1118 2624 1235 2680 pro
1272 2613 1547 2681 tempore
1586 2604 1884 2683 deputato
1904 2617 1929 2672 ,·
1959 2624 2073 2681 per
2112 2624 2243 2664 eas-

313 2675 571 2750 (:⁰¹¹‘¹¹¹'⁸·
611 2681 750 2742 dem
798 2691 1124 2758 praesentes
1176 2682 1580 2759 injungimu5‚
1640 2694 1700 2744 et
1745 2682 1977 2742 directe
2032 2682 2241 2758 praeci·

313 2755 519 2858 ⁸¹⁰⁰¹3¹c¹¹¹
548 2773 566 2809 ²
611 2758 836 2837 piendo
861 2757 1257 2831 mandamus,
1282 2769 1585 2835 quatenus
1608 2780 1678 2820 ex
1716 2779 1881 2819 nunc
1911 2757 2245 2836 antiquum

331 2823 524 2926 (Ἱὲᾞξη
613 2839 812 2898 Curiae
847 2834 1109 2912 stylum,
1136 2834 1283 2896 alias
1310 2833 1585 2912 religiose
1610 2848 1917 2898 servatum
1938 2881 1955 2909 ‚
1979 2837 2249 2896 omnino

315 2905 534 2997 name„-
613 2934 959 2987 resumens,
1005 2912 1239 2973 nullam
1275 2913 1337 2973 in
1379 2924 1695 2992 posterum
1737 2913 2250 2975 commissionem

611 2991 690 3052 ad
723 2995 944 3053 Rotam
982 2992 1276 3052 directam
1323 2989 1388 3048 in
1436 2993 1647 3050 causis
1680 2990 2094 3069 pecuniariis.
2136 3001 2251 3050 aut

609 3070 883 3148 profanis
922 3066 1148 3130 relaxet
1165 3114 1192 3142 ‚,
1231 3087 1336 3126 seu
1384 3069 1714 3128 transitum
1767 3066 1999 3128 habere
2046 3069 2254 3140 sinat,

611 3147 727 3206 nisi
758 3165 1095 3224 expressam
1125 3143 1349 3205 habeat
1383 3141 1720 3206 clausulam
1748 3167 1768 3206 ε
1805 3143 2054 3204 Accenco
2128 3145 2258 3202 uod

611 3224 812 3302 agitur
837 3221 909 3280 de
945 3223 1143 3280 Causa
1170 3223 1317 3280 citra
1348 3221 1589 3278 Montes
1620 3221 1973 3279 ascendente
2014 3167 2250 3278 αιῗυα-

613 3299 790 3356 lorem
827 3299 1272 3378 quingentorum
1304 3308 1600 3356 scutomm
1632 3319 1944 3356 aureorum
1966 3343 1983 3369 .‚
2030 3308 2093 3370 et
2143 3319 2249 3357 re-

612 3376 880 3452 spective
924 3377 985 3435 in
1025 3377 1237 3436 causis
1273 3374 1546 3452 profanis
1589 3372 1756 3436 ultra
1794 3371 2081 3436 Montes„
2134 3376 2252 3436 nisi

615 3452 839 3512 Labeat
866 3451 1193 3513 clausulam
1218 3474 1235 3514 z
1262 3452 1507 3510 Attente
1535 3453 1697 3532 quod
1716 3454 1917 3532 agitur
1940 3451 2015 3509 de
2044 3452 2263 3528 cause}-
