<?xml version="1.0" encoding="UTF-8"?>
<!DOCTYPE html PUBLIC "-//W3C//DTD XHTML 1.0 Transitional//EN"
    "http://www.w3.org/TR/xhtml1/DTD/xhtml1-transitional.dtd">
<html xmlns="http://www.w3.org/1999/xhtml" xml:lang="en" lang="en">
 <head>
  <title>
</title>
<meta http-equiv="Content-Type" content="text/html;charset=utf-8" />
  <meta name='ocr-system' content='tesseract 3.04.00' />
  <meta name='ocr-capabilities' content='ocr_page ocr_carea ocr_par ocr_line ocrx_word'/>
</head>
<body>
  <div class='ocr_page' id='page_1' title='image "benedictipapaex03xivgoog_0349.png"; bbox 0 0 2400 3996; ppageno 0'>
   <div class='ocr_carea' id='block_1_1' title="bbox 681 162 1802 235">
    <p class='ocr_par' dir='ltr' id='par_1_1' title="bbox 681 162 1802 235">
     <span class='ocr_line' id='line_1_1' title="bbox 681 162 1802 235; baseline 0.002 -4"><span class='ocrx_word' id='word_1_1' title='bbox 681 203 686 213; x_wconf 89' lang='lat'><em>-</em></span> <span class='ocrx_word' id='word_1_2' title='bbox 763 162 1209 233; x_wconf 68' lang='lat' dir='ltr'><strong>nmmum.</strong></span> <span class='ocrx_word' id='word_1_3' title='bbox 1675 166 1802 235; x_wconf 73' lang='lat'><strong>³43</strong></span> 
     </span>
    </p>
   </div>
   <div class='ocr_carea' id='block_1_2' title="bbox 163 272 2101 3501">
    <p class='ocr_par' dir='ltr' id='par_1_2' title="bbox 169 272 2101 819">
     <span class='ocr_line' id='line_1_2' title="bbox 174 272 2070 359; baseline -0.001 -20"><span class='ocrx_word' id='word_1_4' title='bbox 174 286 294 359; x_wconf 69' lang='lat' dir='ltr'><strong>pro</strong></span> <span class='ocrx_word' id='word_1_5' title='bbox 321 272 814 339; x_wconf 81' lang='lat' dir='ltr'><strong>Christianorum</strong></span> <span class='ocrx_word' id='word_1_6' title='bbox 837 278 1183 353; x_wconf 87' lang='lat' dir='ltr'><strong>Principum</strong></span> <span class='ocrx_word' id='word_1_7' title='bbox 1209 276 1533 337; x_wconf 84' lang='lat' dir='ltr'><strong>concordia</strong></span> <span class='ocrx_word' id='word_1_8' title='bbox 1559 316 1576 347; x_wconf 84' lang='lat'><strong>,</strong></span> <span class='ocrx_word' id='word_1_9' title='bbox 1614 272 1801 338; x_wconf 74' lang='lat' dir='ltr'><strong>haere·</strong></span> <span class='ocrx_word' id='word_1_10' title='bbox 1858 286 1905 338; x_wconf 73' lang='lat' dir='ltr'>A</span> <span class='ocrx_word' id='word_1_11' title='bbox 1929 302 1961 337; x_wconf 79' lang='grc' dir='ltr'><strong>ιι</strong></span> <span class='ocrx_word' id='word_1_12' title='bbox 1984 302 2016 337; x_wconf 71' lang='grc' dir='ltr'><strong>ιι</strong></span> <span class='ocrx_word' id='word_1_13' title='bbox 2039 304 2070 338; x_wconf 92' lang='grc' dir='ltr'>ο</span> 
     </span>
     <span class='ocr_line' id='line_1_3' title="bbox 175 344 2075 430; baseline -0.001 -15"><span class='ocrx_word' id='word_1_14' title='bbox 175 374 310 415; x_wconf 89' lang='lat' dir='ltr'><strong>sum</strong></span> <span class='ocrx_word' id='word_1_15' title='bbox 327 355 760 430; x_wconf 82' lang='lat' dir='ltr'><strong>extirpatione,</strong></span> <span class='ocrx_word' id='word_1_16' title='bbox 785 374 854 414; x_wconf 87' lang='lat' dir='ltr'><strong>ac</strong></span> <span class='ocrx_word' id='word_1_17' title='bbox 869 358 1099 415; x_wconf 79' lang='lat' dir='ltr'><strong>Sanctae</strong></span> <span class='ocrx_word' id='word_1_18' title='bbox 1125 355 1336 414; x_wconf 83' lang='lat' dir='ltr'><strong>Matris</strong></span> <span class='ocrx_word' id='word_1_19' title='bbox 1354 349 1627 413; x_wconf 78' lang='lat' dir='ltr'><strong>Ecclesiae</strong></span> <span class='ocrx_word' id='word_1_20' title='bbox 1642 354 1801 413; x_wconf 81' lang='lat' dir='ltr'><strong>exal·</strong></span> <span class='ocrx_word' id='word_1_21' title='bbox 1898 344 2075 423; x_wconf 66' lang='grc' dir='ltr'>ι746·“</span> 
     </span>
     <span class='ocr_line' id='line_1_4' title="bbox 174 429 2101 513; baseline -0.002 -22"><span class='ocrx_word' id='word_1_22' title='bbox 174 432 411 491; x_wconf 83' lang='lat' dir='ltr'><strong>tatione</strong></span> <span class='ocrx_word' id='word_1_23' title='bbox 433 432 563 508; x_wconf 85' lang='lat' dir='ltr'><strong>pias</strong></span> <span class='ocrx_word' id='word_1_24' title='bbox 585 430 662 490; x_wconf 86' lang='lat' dir='ltr'><strong>ad</strong></span> <span class='ocrx_word' id='word_1_25' title='bbox 685 436 874 491; x_wconf 86' lang='lat' dir='ltr'><strong>Deum</strong></span> <span class='ocrx_word' id='word_1_26' title='bbox 899 450 1108 507; x_wconf 80' lang='lat' dir='ltr'>preces</span> <span class='ocrx_word' id='word_1_27' title='bbox 1133 429 1505 506; x_wconf 82' lang='lat' dir='ltr'><strong>effuderint-3</strong></span> <span class='ocrx_word' id='word_1_28' title='bbox 1534 430 1716 489; x_wconf 88' lang='lat' dir='ltr'><strong>semel</strong></span> <span class='ocrx_word' id='word_1_29' title='bbox 1737 434 1802 491; x_wconf 85' lang='lat' dir='ltr'><strong>in</strong></span> <span class='ocrx_word' id='word_1_30' title='bbox 1826 436 1922 487; x_wconf 74' lang='lat' dir='ltr'><strong>bus</strong></span> <span class='ocrx_word' id='word_1_31' title='bbox 1962 438 2101 513; x_wconf 34' lang='lat' dir='ltr'><strong>‘alias</strong></span> 
     </span>
     <span class='ocr_line' id='line_1_5' title="bbox 175 503 2067 585; baseline 0.002 -17"><span class='ocrx_word' id='word_1_32' title='bbox 175 526 387 568; x_wconf 85' lang='lat' dir='ltr'><strong>mense</strong></span> <span class='ocrx_word' id='word_1_33' title='bbox 404 528 520 584; x_wconf 86' lang='lat' dir='ltr'><strong>pro</strong></span> <span class='ocrx_word' id='word_1_34' title='bbox 543 510 1017 585; x_wconf 76' lang='lat' dir='ltr'><strong>uniuscuiusque</strong></span> <span class='ocrx_word' id='word_1_35' title='bbox 1048 508 1368 567; x_wconf 88' lang='lat' dir='ltr'><strong>commodo</strong></span> <span class='ocrx_word' id='word_1_36' title='bbox 1387 555 1402 581; x_wconf 83' lang='lat'>‚</span> <span class='ocrx_word' id='word_1_37' title='bbox 1430 518 1491 567; x_wconf 88' lang='lat' dir='ltr'><strong>et</strong></span> <span class='ocrx_word' id='word_1_38' title='bbox 1509 505 1767 567; x_wconf 82' lang='lat' dir='ltr'><strong>arbitrio</strong></span> <span class='ocrx_word' id='word_1_39' title='bbox 1783 554 1799 579; x_wconf 88' lang='lat'>‚</span> <span class='ocrx_word' id='word_1_40' title='bbox 1822 503 2067 571; x_wconf 51' lang='lat' dir='ltr'><strong>‘lugam</strong></span> 
     </span>
     <span class='ocr_line' id='line_1_6' title="bbox 174 570 2095 662; baseline 0.002 -19"><span class='ocrx_word' id='word_1_41' title='bbox 174 582 513 661; x_wconf 77' lang='lat' dir='ltr'><strong>plenariam</strong></span> <span class='ocrx_word' id='word_1_42' title='bbox 559 586 837 644; x_wconf 88' lang='lat' dir='ltr'><strong>omnium</strong></span> <span class='ocrx_word' id='word_1_43' title='bbox 873 596 1267 662; x_wconf 83' lang='lat' dir='ltr'><strong>peccatorum</strong></span> <span class='ocrx_word' id='word_1_44' title='bbox 1310 604 1558 645; x_wconf 84' lang='lat' dir='ltr'><strong>suorum</strong></span> <span class='ocrx_word' id='word_1_45' title='bbox 1598 570 2095 647; x_wconf 60' lang='lat' dir='ltr'><strong>indul-JIPdfflssffl·</strong></span> 
     </span>
     <span class='ocr_line' id='line_1_7' title="bbox 169 643 1942 739; baseline 0.001 -19"><span class='ocrx_word' id='word_1_46' title='bbox 169 663 440 737; x_wconf 76' lang='lat' dir='ltr'><strong>gentiam</strong></span> <span class='ocrx_word' id='word_1_47' title='bbox 459 706 476 731; x_wconf 84' lang='lat'><strong>,</strong></span> <span class='ocrx_word' id='word_1_48' title='bbox 497 669 558 720; x_wconf 88' lang='lat' dir='ltr'><strong>et</strong></span> <span class='ocrx_word' id='word_1_49' title='bbox 581 663 991 721; x_wconf 84' lang='lat' dir='ltr'><strong>remissionem</strong></span> <span class='ocrx_word' id='word_1_50' title='bbox 1014 707 1030 735; x_wconf 95' lang='lat'><strong>,</strong></span> <span class='ocrx_word' id='word_1_51' title='bbox 1098 682 1239 721; x_wconf 88' lang='lat' dir='ltr'><strong>uam</strong></span> <span class='ocrx_word' id='word_1_52' title='bbox 1264 678 1376 739; x_wconf 88' lang='lat' dir='ltr'><strong>per</strong></span> <span class='ocrx_word' id='word_1_53' title='bbox 1404 661 1653 721; x_wconf 84' lang='lat' dir='ltr'><strong>modum</strong></span> <span class='ocrx_word' id='word_1_54' title='bbox 1676 663 1797 722; x_wconf 83' lang='lat' dir='ltr'><strong>suf·</strong></span> <span class='ocrx_word' id='word_1_55' title='bbox 1824 643 1942 688; x_wconf 64' lang='lat'><strong>²¹⁸⁸·</strong></span> 
     </span>
     <span class='ocr_line' id='line_1_8' title="bbox 174 682 1801 819; baseline 0 -22"><span class='ocrx_word' id='word_1_56' title='bbox 174 740 352 813; x_wconf 76' lang='lat' dir='ltr'><strong>fragii</strong></span> <span class='ocrx_word' id='word_1_57' title='bbox 374 737 694 797; x_wconf 80' lang='lat' dir='ltr'>animabus</span> <span class='ocrx_word' id='word_1_58' title='bbox 719 682 1223 799; x_wconf 59' lang='lat' dir='ltr'><strong>christifidelium</strong></span> <span class='ocrx_word' id='word_1_59' title='bbox 1243 784 1258 813; x_wconf 88' lang='lat'><strong>,</strong></span> <span class='ocrx_word' id='word_1_60' title='bbox 1286 758 1418 817; x_wconf 83' lang='lat' dir='ltr'><strong>quae</strong></span> <span class='ocrx_word' id='word_1_61' title='bbox 1453 744 1577 819; x_wconf 85' lang='lat' dir='ltr'><strong>Deo</strong></span> <span class='ocrx_word' id='word_1_62' title='bbox 1611 739 1672 797; x_wconf 89' lang='lat' dir='ltr'><strong>in</strong></span> <span class='ocrx_word' id='word_1_63' title='bbox 1704 744 1801 797; x_wconf 59' lang='lat' dir='ltr'><strong>cai</strong></span> 
     </span>
    </p>

    <p class='ocr_par' dir='ltr' id='par_1_3' title="bbox 174 814 1800 892">
     <span class='ocr_line' id='line_1_9' title="bbox 174 814 1800 892; baseline 0.001 -19"><span class='ocrx_word' id='word_1_64' title='bbox 174 815 357 875; x_wconf 81' lang='lat' dir='ltr'><strong>ritate</strong></span> <span class='ocrx_word' id='word_1_65' title='bbox 377 820 720 891; x_wconf 69' lang='lat' dir='ltr'><strong>coniuncta·</strong></span> <span class='ocrx_word' id='word_1_66' title='bbox 735 814 816 875; x_wconf 81' lang='lat' dir='ltr'><strong>ab</strong></span> <span class='ocrx_word' id='word_1_67' title='bbox 835 814 948 875; x_wconf 83' lang='lat' dir='ltr'><strong>hac</strong></span> <span class='ocrx_word' id='word_1_68' title='bbox 971 814 1107 889; x_wconf 79' lang='lat' dir='ltr'><strong>lucc</strong></span> <span class='ocrx_word' id='word_1_69' title='bbox 1135 818 1566 892; x_wconf 71' lang='lat' dir='ltr'><strong>migraverint,</strong></span> <span class='ocrx_word' id='word_1_70' title='bbox 1598 814 1800 892; x_wconf 82' lang='lat' dir='ltr'><strong>appli-</strong></span> 
     </span>
    </p>

    <p class='ocr_par' dir='ltr' id='par_1_4' title="bbox 173 892 1801 969">
     <span class='ocr_line' id='line_1_10' title="bbox 173 892 1801 969; baseline 0.002 -20"><span class='ocrx_word' id='word_1_71' title='bbox 173 910 316 951; x_wconf 84' lang='lat' dir='ltr'><strong>care</strong></span> <span class='ocrx_word' id='word_1_72' title='bbox 344 892 612 969; x_wconf 85' lang='lat' dir='ltr'><strong>possint,</strong></span> <span class='ocrx_word' id='word_1_73' title='bbox 653 892 1128 953; x_wconf 76' lang='lat' dir='ltr'><strong>misericorditer</strong></span> <span class='ocrx_word' id='word_1_74' title='bbox 1170 896 1237 952; x_wconf 85' lang='lat' dir='ltr'><strong>in</strong></span> <span class='ocrx_word' id='word_1_75' title='bbox 1280 894 1541 952; x_wconf 85' lang='lat' dir='ltr'><strong>Domino</strong></span> <span class='ocrx_word' id='word_1_76' title='bbox 1584 907 1801 953; x_wconf 67' lang='lat' dir='ltr'><strong>conce-³</strong></span> 
     </span>
    </p>

    <p class='ocr_par' dir='ltr' id='par_1_5' title="bbox 169 967 1801 1122">
     <span class='ocr_line' id='line_1_11' title="bbox 171 967 1801 1047; baseline 0.001 -20"><span class='ocrx_word' id='word_1_77' title='bbox 171 967 400 1027; x_wconf 87' lang='lat' dir='ltr'><strong>dimus.</strong></span> <span class='ocrx_word' id='word_1_78' title='bbox 453 973 710 1047; x_wconf 82' lang='lat' dir='ltr'><strong>Insuper</strong></span> <span class='ocrx_word' id='word_1_79' title='bbox 765 971 837 1028; x_wconf 88' lang='lat' dir='ltr'><strong>iis</strong></span> <span class='ocrx_word' id='word_1_80' title='bbox 865 1016 882 1040; x_wconf 86' lang='lat'>‚</span> <span class='ocrx_word' id='word_1_81' title='bbox 931 972 1038 1047; x_wconf 85' lang='lat' dir='ltr'><strong>qui</strong></span> <span class='ocrx_word' id='word_1_82' title='bbox 1077 990 1187 1047; x_wconf 83' lang='lat' dir='ltr'><strong>per</strong></span> <span class='ocrx_word' id='word_1_83' title='bbox 1234 968 1801 1047; x_wconf 34' lang='lat' dir='ltr'><strong>duosssquadrantes</strong></span> 
     </span>
     <span class='ocr_line' id='line_1_12' title="bbox 169 1044 1799 1122; baseline 0 -17"><span class='ocrx_word' id='word_1_84' title='bbox 169 1048 563 1105; x_wconf 76' lang='lat' dir='ltr'><strong>continuatos</strong></span> <span class='ocrx_word' id='word_1_85' title='bbox 576 1086 594 1119; x_wconf 80' lang='lat'><strong>,</strong></span> <span class='ocrx_word' id='word_1_86' title='bbox 609 1044 704 1106; x_wconf 87' lang='lat' dir='ltr'><strong>vel</strong></span> <span class='ocrx_word' id='word_1_87' title='bbox 723 1044 932 1106; x_wconf 82' lang='lat' dir='ltr'><strong>saltem</strong></span> <span class='ocrx_word' id='word_1_88' title='bbox 949 1066 1059 1122; x_wconf 88' lang='lat' dir='ltr'><strong>per</strong></span> <span class='ocrx_word' id='word_1_89' title='bbox 1075 1045 1475 1122; x_wconf 68' lang='lat' dir='ltr'><strong>quadrantem</strong></span> <span class='ocrx_word' id='word_1_90' title='bbox 1498 1046 1663 1105; x_wconf 83' lang='lat' dir='ltr'><strong>horae</strong></span> <span class='ocrx_word' id='word_1_91' title='bbox 1679 1048 1799 1105; x_wconf 83' lang='lat' dir='ltr'><strong>sin-</strong></span> 
     </span>
    </p>

    <p class='ocr_par' dir='ltr' id='par_1_6' title="bbox 173 1120 1805 1276">
     <span class='ocr_line' id='line_1_13' title="bbox 173 1120 1801 1199; baseline 0 -18"><span class='ocrx_word' id='word_1_92' title='bbox 173 1120 329 1198; x_wconf 83' lang='lat' dir='ltr'><strong>gulis</strong></span> <span class='ocrx_word' id='word_1_93' title='bbox 367 1121 616 1198; x_wconf 82' lang='lat' dir='ltr'><strong>diebus,</strong></span> <span class='ocrx_word' id='word_1_94' title='bbox 667 1133 729 1182; x_wconf 92' lang='lat' dir='ltr'><strong>et</strong></span> <span class='ocrx_word' id='word_1_95' title='bbox 771 1140 882 1199; x_wconf 79' lang='lat' dir='ltr'><strong>per</strong></span> <span class='ocrx_word' id='word_1_96' title='bbox 924 1134 1123 1181; x_wconf 84' lang='lat' dir='ltr'><strong>totum</strong></span> <span class='ocrx_word' id='word_1_97' title='bbox 1178 1136 1441 1182; x_wconf 68' lang='lat' dir='ltr'><strong>mensem</strong></span> <span class='ocrx_word' id='word_1_98' title='bbox 1474 1168 1491 1195; x_wconf 89' lang='lat'>‚</span> <span class='ocrx_word' id='word_1_99' title='bbox 1537 1124 1801 1183; x_wconf 84' lang='lat' dir='ltr'><strong>orationi</strong></span> 
     </span>
     <span class='ocr_line' id='line_1_14' title="bbox 175 1196 1805 1276; baseline 0 -18"><span class='ocrx_word' id='word_1_100' title='bbox 175 1196 431 1259; x_wconf 81' lang='lat' dir='ltr'><strong>mentali</strong></span> <span class='ocrx_word' id='word_1_101' title='bbox 473 1198 714 1259; x_wconf 79' lang='lat' dir='ltr'><strong>dabunt</strong></span> <span class='ocrx_word' id='word_1_102' title='bbox 752 1215 1000 1276; x_wconf 78' lang='lat' dir='ltr'><strong>operam</strong></span> <span class='ocrx_word' id='word_1_103' title='bbox 1033 1242 1050 1270; x_wconf 91' lang='lat'>‚</span> <span class='ocrx_word' id='word_1_104' title='bbox 1101 1210 1164 1259; x_wconf 85' lang='lat' dir='ltr'><strong>et</strong></span> <span class='ocrx_word' id='word_1_105' title='bbox 1210 1210 1373 1259; x_wconf 81' lang='lat' dir='ltr'><strong>vere‘</strong></span> <span class='ocrx_word' id='word_1_106' title='bbox 1392 1200 1757 1275; x_wconf 81' lang='lat' dir='ltr'><strong>poenitentes</strong></span> <span class='ocrx_word' id='word_1_107' title='bbox 1778 1212 1805 1271; x_wconf 63' lang='lat'><strong>3·</strong></span> 
     </span>
    </p>

    <p class='ocr_par' dir='ltr' id='par_1_7' title="bbox 174 1274 1797 1346">
     <span class='ocr_line' id='line_1_15' title="bbox 174 1274 1797 1346; baseline -0.001 -11"><span class='ocrx_word' id='word_1_108' title='bbox 174 1282 234 1335; x_wconf 86' lang='lat' dir='ltr'><strong>et</strong></span> <span class='ocrx_word' id='word_1_109' title='bbox 247 1275 504 1335; x_wconf 85' lang='lat' dir='ltr'><strong>confessi</strong></span> <span class='ocrx_word' id='word_1_110' title='bbox 525 1320 542 1346; x_wconf 89' lang='lat'>‚</span> <span class='ocrx_word' id='word_1_111' title='bbox 561 1278 1012 1336; x_wconf 82' lang='lat' dir='ltr'><strong>Sanctissimum</strong></span> <span class='ocrx_word' id='word_1_112' title='bbox 1031 1276 1420 1335; x_wconf 75' lang='lat' dir='ltr'><strong>Eucharistiae</strong></span> <span class='ocrx_word' id='word_1_113' title='bbox 1447 1274 1797 1335; x_wconf 75' lang='lat' dir='ltr'><strong>Sacramen-</strong></span> 
     </span>
    </p>

    <p class='ocr_par' dir='ltr' id='par_1_8' title="bbox 173 1351 1801 1506">
     <span class='ocr_line' id='line_1_16' title="bbox 175 1351 1801 1431; baseline -0.001 -19"><span class='ocrx_word' id='word_1_114' title='bbox 175 1361 304 1413; x_wconf 87' lang='lat' dir='ltr'><strong>tum</strong></span> <span class='ocrx_word' id='word_1_115' title='bbox 329 1354 688 1425; x_wconf 80' lang='lat' dir='ltr'><strong>sumserint,</strong></span> <span class='ocrx_word' id='word_1_116' title='bbox 715 1372 784 1412; x_wconf 87' lang='lat' dir='ltr'><strong>ac</strong></span> <span class='ocrx_word' id='word_1_117' title='bbox 809 1371 924 1430; x_wconf 88' lang='lat' dir='ltr'><strong>pro</strong></span> <span class='ocrx_word' id='word_1_118' title='bbox 944 1351 1801 1431; x_wconf 79' lang='lat' dir='ltr'><strong>ChristianorumPrincipum</strong></span> 
     </span>
     <span class='ocr_line' id='line_1_17' title="bbox 173 1426 1801 1506; baseline -0.001 -18"><span class='ocrx_word' id='word_1_119' title='bbox 173 1426 504 1489; x_wconf 85' lang='lat' dir='ltr'><strong>concordia</strong></span> <span class='ocrx_word' id='word_1_120' title='bbox 536 1470 554 1499; x_wconf 79' lang='lat'><strong>,</strong></span> <span class='ocrx_word' id='word_1_121' title='bbox 609 1426 906 1489; x_wconf 68' lang='lat' dir='ltr'><strong>haeresum</strong></span> <span class='ocrx_word' id='word_1_122' title='bbox 955 1430 1361 1506; x_wconf 66' lang='lat' dir='ltr'><strong>extimatione</strong></span> <span class='ocrx_word' id='word_1_123' title='bbox 1391 1474 1405 1493; x_wconf 77' lang='grc'>,</span> <span class='ocrx_word' id='word_1_124' title='bbox 1450 1436 1522 1485; x_wconf 82' lang='lat' dir='ltr'><strong>et</strong></span> <span class='ocrx_word' id='word_1_125' title='bbox 1568 1432 1801 1488; x_wconf 67' lang='lat' dir='ltr'><strong>Sanctae</strong></span> 
     </span>
    </p>

    <p class='ocr_par' dir='ltr' id='par_1_9' title="bbox 173 1504 1801 1581">
     <span class='ocr_line' id='line_1_18' title="bbox 173 1504 1801 1581; baseline -0.001 -16"><span class='ocrx_word' id='word_1_126' title='bbox 173 1504 386 1565; x_wconf 73' lang='lat' dir='ltr'><strong>Matris</strong></span> <span class='ocrx_word' id='word_1_127' title='bbox 417 1504 692 1565; x_wconf 80' lang='lat' dir='ltr'><strong>Ecclesiae</strong></span> <span class='ocrx_word' id='word_1_128' title='bbox 711 1505 1078 1567; x_wconf 75' lang='lat' dir='ltr'><strong>exaltatione</strong></span> <span class='ocrx_word' id='word_1_129' title='bbox 1107 1508 1241 1581; x_wconf 85' lang='lat' dir='ltr'><strong>pias</strong></span> <span class='ocrx_word' id='word_1_130' title='bbox 1270 1505 1347 1579; x_wconf 81' lang='lat' dir='ltr'><strong>ad</strong></span> <span class='ocrx_word' id='word_1_131' title='bbox 1364 1510 1567 1563; x_wconf 78' lang='lat' dir='ltr'><strong>Deum</strong></span> <span class='ocrx_word' id='word_1_132' title='bbox 1594 1522 1801 1581; x_wconf 88' lang='lat' dir='ltr'><strong>preces</strong></span> 
     </span>
    </p>

    <p class='ocr_par' dir='ltr' id='par_1_10' title="bbox 167 1579 1801 1659">
     <span class='ocr_line' id='line_1_19' title="bbox 167 1579 1801 1659; baseline -0.001 -18"><span class='ocrx_word' id='word_1_133' title='bbox 167 1583 406 1658; x_wconf 80' lang='lat' dir='ltr'><strong>pariter</strong></span> <span class='ocrx_word' id='word_1_134' title='bbox 459 1581 790 1643; x_wconf 83' lang='lat' dir='ltr'><strong>effuderint</strong></span> <span class='ocrx_word' id='word_1_135' title='bbox 823 1630 841 1655; x_wconf 88' lang='lat'><strong>,</strong></span> <span class='ocrx_word' id='word_1_136' title='bbox 892 1582 1229 1659; x_wconf 83' lang='lat' dir='ltr'><strong>plenariam</strong></span> <span class='ocrx_word' id='word_1_137' title='bbox 1284 1581 1467 1641; x_wconf 84' lang='lat' dir='ltr'><strong>semel</strong></span> <span class='ocrx_word' id='word_1_138' title='bbox 1519 1579 1801 1657; x_wconf 80' lang='lat' dir='ltr'><strong>quolibet</strong></span> 
     </span>
    </p>

    <p class='ocr_par' dir='ltr' id='par_1_11' title="bbox 169 1655 1793 1737">
     <span class='ocr_line' id='line_1_20' title="bbox 169 1655 1793 1737; baseline -0.002 -19"><span class='ocrx_word' id='word_1_139' title='bbox 169 1678 380 1719; x_wconf 83' lang='lat' dir='ltr'><strong>mense</strong></span> <span class='ocrx_word' id='word_1_140' title='bbox 419 1661 691 1718; x_wconf 88' lang='lat' dir='ltr'><strong>omnium</strong></span> <span class='ocrx_word' id='word_1_141' title='bbox 749 1670 1138 1737; x_wconf 87' lang='lat' dir='ltr'><strong>peccatorum</strong></span> <span class='ocrx_word' id='word_1_142' title='bbox 1181 1668 1431 1716; x_wconf 85' lang='lat' dir='ltr'><strong>suorum</strong></span> <span class='ocrx_word' id='word_1_143' title='bbox 1475 1655 1793 1732; x_wconf 81' lang='lat' dir='ltr'><strong>indulgen·-</strong></span> 
     </span>
    </p>

    <p class='ocr_par' dir='ltr' id='par_1_12' title="bbox 166 1732 1841 2057">
     <span class='ocr_line' id='line_1_21' title="bbox 170 1732 1799 1811; baseline 0 -18"><span class='ocrx_word' id='word_1_144' title='bbox 170 1736 317 1795; x_wconf 84' lang='lat' dir='ltr'><strong>tiam</strong></span> <span class='ocrx_word' id='word_1_145' title='bbox 340 1781 358 1806; x_wconf 87' lang='lat'><strong>,</strong></span> <span class='ocrx_word' id='word_1_146' title='bbox 388 1744 453 1795; x_wconf 86' lang='lat' dir='ltr'><strong>et</strong></span> <span class='ocrx_word' id='word_1_147' title='bbox 471 1736 883 1796; x_wconf 84' lang='lat' dir='ltr'><strong>remissionem</strong></span> <span class='ocrx_word' id='word_1_148' title='bbox 903 1778 917 1801; x_wconf 87' lang='lat'><em>‚</em></span> <span class='ocrx_word' id='word_1_149' title='bbox 950 1749 1132 1811; x_wconf 76' lang='lat' dir='ltr'><strong>quam</strong></span> <span class='ocrx_word' id='word_1_150' title='bbox 1159 1732 1372 1794; x_wconf 82' lang='lat' dir='ltr'><strong>itidem</strong></span> <span class='ocrx_word' id='word_1_151' title='bbox 1402 1751 1514 1809; x_wconf 83' lang='lat' dir='ltr'><strong>per</strong></span> <span class='ocrx_word' id='word_1_152' title='bbox 1545 1734 1799 1793; x_wconf 86' lang='lat' dir='ltr'><strong>niodum</strong></span> 
     </span>
     <span class='ocr_line' id='line_1_22' title="bbox 169 1810 1841 1889; baseline 0.001 -19"><span class='ocrx_word' id='word_1_153' title='bbox 169 1810 442 1889; x_wconf 77' lang='lat' dir='ltr'><strong>suffragii</strong></span> <span class='ocrx_word' id='word_1_154' title='bbox 482 1812 802 1873; x_wconf 73' lang='lat' dir='ltr'><strong>animabus</strong></span> <span class='ocrx_word' id='word_1_155' title='bbox 837 1810 1376 1883; x_wconf 75' lang='lat' dir='ltr'><strong>christifidelium,</strong></span> <span class='ocrx_word' id='word_1_156' title='bbox 1400 1828 1540 1886; x_wconf 80' lang='lat' dir='ltr'><strong>quae</strong></span> <span class='ocrx_word' id='word_1_157' title='bbox 1561 1812 1699 1871; x_wconf 74' lang='lat' dir='ltr'><strong>‘Deo‘</strong></span> <span class='ocrx_word' id='word_1_158' title='bbox 1732 1812 1795 1871; x_wconf 89' lang='lat' dir='ltr'><strong>in</strong></span> <span class='ocrx_word' id='word_1_159' title='bbox 1834 1856 1841 1861; x_wconf 85' lang='lat'>-</span> 
     </span>
     <span class='ocr_line' id='line_1_23' title="bbox 167 1887 1796 1967; baseline -0.001 -20"><span class='ocrx_word' id='word_1_160' title='bbox 167 1890 429 1948; x_wconf 85' lang='lat' dir='ltr'><strong>caritate</strong></span> <span class='ocrx_word' id='word_1_161' title='bbox 478 1894 818 1965; x_wconf 73' lang='lat' dir='ltr'><strong>conjunctae</strong></span> <span class='ocrx_word' id='word_1_162' title='bbox 872 1889 952 1947; x_wconf 84' lang='lat' dir='ltr'><strong>ab</strong></span> <span class='ocrx_word' id='word_1_163' title='bbox 1013 1888 1127 1948; x_wconf 84' lang='lat' dir='ltr'><strong>hac</strong></span> <span class='ocrx_word' id='word_1_164' title='bbox 1168 1888 1303 1947; x_wconf 85' lang='lat' dir='ltr'><strong>luce</strong></span> <span class='ocrx_word' id='word_1_165' title='bbox 1352 1887 1796 1967; x_wconf 63' lang='lat' dir='ltr'><strong>migraverint,</strong></span> 
     </span>
     <span class='ocr_line' id='line_1_24' title="bbox 166 1962 1793 2057; baseline -0.001 -33"><span class='ocrx_word' id='word_1_166' title='bbox 166 1964 480 2042; x_wconf 84' lang='lat' dir='ltr'><strong>applicare</strong></span> <span class='ocrx_word' id='word_1_167' title='bbox 515 1967 781 2057; x_wconf 82' lang='lat' dir='ltr'><strong>possint,</strong></span> <span class='ocrx_word' id='word_1_168' title='bbox 826 1968 1188 2025; x_wconf 81' lang='lat' dir='ltr'><strong>auctoritate</strong></span> <span class='ocrx_word' id='word_1_169' title='bbox 1223 1974 1545 2025; x_wconf 58' lang='lat' dir='ltr'><strong>etJtenore</strong></span> <span class='ocrx_word' id='word_1_170' title='bbox 1586 1962 1793 2023; x_wconf 85' lang='lat' dir='ltr'><strong>simili·</strong></span> 
     </span>
    </p>

    <p class='ocr_par' dir='ltr' id='par_1_13' title="bbox 165 2039 2091 2580">
     <span class='ocr_line' id='line_1_25' title="bbox 169 2039 2087 2121; baseline -0.001 -20"><span class='ocrx_word' id='word_1_171' title='bbox 169 2039 282 2102; x_wconf 84' lang='lat' dir='ltr'><strong>bus</strong></span> <span class='ocrx_word' id='word_1_172' title='bbox 329 2043 829 2102; x_wconf 59' lang='lat' dir='ltr'><strong>misericorditer</strong></span> <span class='ocrx_word' id='word_1_173' title='bbox 849 2045 910 2102; x_wconf 87' lang='lat' dir='ltr'><strong>in</strong></span> <span class='ocrx_word' id='word_1_174' title='bbox 961 2045 1221 2102; x_wconf 83' lang='lat' dir='ltr'><strong>Domino</strong></span> <span class='ocrx_word' id='word_1_175' title='bbox 1268 2039 1620 2116; x_wconf 79' lang='lat' dir='ltr'><strong>elargimur.</strong></span> <span class='ocrx_word' id='word_1_176' title='bbox 1668 2045 1794 2100; x_wconf 88' lang='lat' dir='ltr'><strong>Etsi</strong></span> <span class='ocrx_word' id='word_1_177' title='bbox 1884 2065 2087 2121; x_wconf 72' lang='lat' dir='ltr'><strong>Adhor-</strong></span> 
     </span>
     <span class='ocr_line' id='line_1_26' title="bbox 165 2116 2091 2201; baseline 0.004 -23"><span class='ocrx_word' id='word_1_178' title='bbox 165 2129 375 2178; x_wconf 79' lang='lat' dir='ltr'><strong>autem</strong></span> <span class='ocrx_word' id='word_1_179' title='bbox 396 2165 413 2193; x_wconf 84' lang='lat'><strong>,</strong></span> <span class='ocrx_word' id='word_1_180' title='bbox 435 2125 602 2196; x_wconf 68' lang='lat' dir='ltr'><strong>iuxta</strong></span> <span class='ocrx_word' id='word_1_181' title='bbox 621 2119 896 2179; x_wconf 83' lang='lat' dir='ltr'><strong>divinum</strong></span> <span class='ocrx_word' id='word_1_182' title='bbox 919 2119 1162 2176; x_wconf 78' lang='lat' dir='ltr'><strong>Domini</strong></span> <span class='ocrx_word' id='word_1_183' title='bbox 1177 2121 1383 2178; x_wconf 83' lang='lat' dir='ltr'><strong>Nostri</strong></span> <span class='ocrx_word' id='word_1_184' title='bbox 1402 2123 1541 2175; x_wconf 78' lang='lat' dir='ltr'><strong>Jesu</strong></span> <span class='ocrx_word' id='word_1_185' title='bbox 1562 2116 1795 2178; x_wconf 83' lang='lat' dir='ltr'><strong>Christi</strong></span> <span class='ocrx_word' id='word_1_186' title='bbox 1820 2133 1947 2185; x_wconf 82' lang='lat' dir='ltr'><strong>tatio</strong></span> <span class='ocrx_word' id='word_1_187' title='bbox 2000 2153 2091 2201; x_wconf 80' lang='lat' dir='ltr'><strong>pro</strong></span> 
     </span>
     <span class='ocr_line' id='line_1_27' title="bbox 165 2197 2063 2272; baseline -0.002 -16"><span class='ocrx_word' id='word_1_188' title='bbox 165 2206 537 2272; x_wconf 65' lang='lat' dir='ltr'><strong>praeceptum</strong></span> <span class='ocrx_word' id='word_1_189' title='bbox 569 2241 584 2267; x_wconf 94' lang='lat'><strong>,</strong></span> <span class='ocrx_word' id='word_1_190' title='bbox 626 2205 870 2272; x_wconf 85' lang='lat' dir='ltr'><strong>oportet</strong></span> <span class='ocrx_word' id='word_1_191' title='bbox 919 2206 990 2255; x_wconf 86' lang='lat' dir='ltr'><strong>ut</strong></span> <span class='ocrx_word' id='word_1_192' title='bbox 1033 2197 1305 2271; x_wconf 78' lang='lat' dir='ltr'><strong>quisquis</strong></span> <span class='ocrx_word' id='word_1_193' title='bbox 1341 2201 1633 2265; x_wconf 65' lang='lat' dir='ltr'><strong>oraturus</strong></span> <span class='ocrx_word' id='word_1_194' title='bbox 1660 2238 1675 2263; x_wconf 89' lang='lat'><strong>,</strong></span> <span class='ocrx_word' id='word_1_195' title='bbox 1716 2213 1797 2252; x_wconf 89' lang='lat' dir='ltr'><strong>ne</strong></span> <span class='ocrx_word' id='word_1_196' title='bbox 1814 2202 2063 2252; x_wconf 82' lang='lat' dir='ltr'><strong>exercitio</strong></span> 
     </span>
     <span class='ocr_line' id='line_1_28' title="bbox 165 2265 2080 2348; baseline -0.002 -17"><span class='ocrx_word' id='word_1_197' title='bbox 165 2271 244 2332; x_wconf 78' lang='lat' dir='ltr'><strong>ad</strong></span> <span class='ocrx_word' id='word_1_198' title='bbox 269 2274 465 2333; x_wconf 83' lang='lat' dir='ltr'><strong>instar</strong></span> <span class='ocrx_word' id='word_1_199' title='bbox 493 2275 962 2348; x_wconf 79' lang='lat' dir='ltr'><strong>Hypoeritarum</strong></span> <span class='ocrx_word' id='word_1_200' title='bbox 990 2272 1271 2331; x_wconf 85' lang='lat' dir='ltr'><strong>videatur</strong></span> <span class='ocrx_word' id='word_1_201' title='bbox 1306 2269 1393 2328; x_wconf 78' lang='lat' dir='ltr'><strong>ab&#39;</strong></span> <span class='ocrx_word' id='word_1_202' title='bbox 1410 2267 1791 2341; x_wconf 63' lang='lat' dir='ltr'><strong>hominibusi,</strong></span> <span class='ocrx_word' id='word_1_203' title='bbox 1815 2265 2080 2342; x_wconf 66' lang='lat' dir='ltr'><strong>prationis</strong></span> 
     </span>
     <span class='ocr_line' id='line_1_29' title="bbox 167 2343 2062 2422; baseline -0.001 -15"><span class='ocrx_word' id='word_1_204' title='bbox 167 2349 367 2408; x_wconf 80' lang='lat' dir='ltr'><strong>intret</strong></span> <span class='ocrx_word' id='word_1_205' title='bbox 431 2347 782 2409; x_wconf 82' lang='lat' dir='ltr'><strong>cubiculum</strong></span> <span class='ocrx_word' id='word_1_206' title='bbox 846 2367 1022 2408; x_wconf 89' lang='lat' dir='ltr'><strong>suum</strong></span> <span class='ocrx_word' id='word_1_207' title='bbox 1043 2395 1060 2422; x_wconf 90' lang='lat'><strong>,</strong></span> <span class='ocrx_word' id='word_1_208' title='bbox 1098 2357 1162 2406; x_wconf 86' lang='lat' dir='ltr'><strong>et</strong></span> <span class='ocrx_word' id='word_1_209' title='bbox 1214 2343 1418 2406; x_wconf 80' lang='lat' dir='ltr'><strong>clauso</strong></span> <span class='ocrx_word' id='word_1_210' title='bbox 1456 2347 1613 2404; x_wconf 89' lang='lat' dir='ltr'><strong>ostio</strong></span> <span class='ocrx_word' id='word_1_211' title='bbox 1656 2357 1795 2406; x_wconf 82' lang='lat' dir='ltr'><strong>oret</strong></span> <span class='ocrx_word' id='word_1_212' title='bbox 1816 2348 1871 2382; x_wconf 78' lang='lat'><strong>¹¹²</strong></span> <span class='ocrx_word' id='word_1_213' title='bbox 1922 2349 2062 2412; x_wconf 63' lang='lat'><strong>⁰9¹³·</strong></span> 
     </span>
     <span class='ocr_line' id='line_1_30' title="bbox 165 2416 1981 2502; baseline -0.003 -16"><span class='ocrx_word' id='word_1_214' title='bbox 165 2423 494 2486; x_wconf 76' lang='lat' dir='ltr'><strong>Caelestem</strong></span> <span class='ocrx_word' id='word_1_215' title='bbox 531 2429 772 2485; x_wconf 87' lang='lat' dir='ltr'><strong>Patrem</strong></span> <span class='ocrx_word' id='word_1_216' title='bbox 809 2426 876 2484; x_wconf 89' lang='lat' dir='ltr'><strong>in</strong></span> <span class='ocrx_word' id='word_1_217' title='bbox 909 2423 1267 2502; x_wconf 82' lang='lat' dir='ltr'><strong>abscondito</strong></span> <span class='ocrx_word' id='word_1_218' title='bbox 1303 2443 1321 2482; x_wconf 75' lang='grc' dir='ltr'><strong><em>ε</em></strong></span> <span class='ocrx_word' id='word_1_219' title='bbox 1363 2433 1574 2481; x_wconf 82' lang='lat' dir='ltr'><strong>tamen</strong></span> <span class='ocrx_word' id='word_1_220' title='bbox 1596 2461 1611 2490; x_wconf 92' lang='lat'><strong>,</strong></span> <span class='ocrx_word' id='word_1_221' title='bbox 1652 2441 1794 2482; x_wconf 89' lang='lat' dir='ltr'><strong>cum</strong></span> <span class='ocrx_word' id='word_1_222' title='bbox 1818 2416 1981 2452; x_wconf 86' lang='lat' dir='ltr'><strong>mum.</strong></span> 
     </span>
     <span class='ocr_line' id='line_1_31' title="bbox 167 2498 1796 2580; baseline -0.001 -18"><span class='ocrx_word' id='word_1_223' title='bbox 167 2501 296 2578; x_wconf 84' lang='lat' dir='ltr'><strong>ipse</strong></span> <span class='ocrx_word' id='word_1_224' title='bbox 333 2503 630 2562; x_wconf 86' lang='lat' dir='ltr'><strong>Dominus</strong></span> <span class='ocrx_word' id='word_1_225' title='bbox 673 2503 928 2575; x_wconf 65' lang='lat' dir='ltr'><strong>dixerit-3</strong></span> <span class='ocrx_word' id='word_1_226' title='bbox 969 2501 1134 2580; x_wconf 78' lang='lat' dir='ltr'><strong>quod</strong></span> <span class='ocrx_word' id='word_1_227' title='bbox 1172 2499 1280 2560; x_wconf 91' lang='lat' dir='ltr'><strong>ubi</strong></span> <span class='ocrx_word' id='word_1_228' title='bbox 1316 2507 1462 2558; x_wconf 84' lang='lat' dir='ltr'><strong>sunt</strong></span> <span class='ocrx_word' id='word_1_229' title='bbox 1498 2498 1661 2580; x_wconf 69' lang='lat' dir='ltr'><strong>duo,</strong></span> <span class='ocrx_word' id='word_1_230' title='bbox 1698 2500 1796 2560; x_wconf 84' lang='lat' dir='ltr'><strong>vel</strong></span> 
     </span>
    </p>

    <p class='ocr_par' dir='ltr' id='par_1_14' title="bbox 167 2575 1793 2656">
     <span class='ocr_line' id='line_1_32' title="bbox 167 2575 1793 2656; baseline -0.001 -18"><span class='ocrx_word' id='word_1_231' title='bbox 167 2587 294 2639; x_wconf 83' lang='lat' dir='ltr'><strong>tres</strong></span> <span class='ocrx_word' id='word_1_232' title='bbox 327 2579 676 2656; x_wconf 77' lang='lat' dir='ltr'><strong>congregati</strong></span> <span class='ocrx_word' id='word_1_233' title='bbox 711 2582 774 2638; x_wconf 87' lang='lat' dir='ltr'><strong>in</strong></span> <span class='ocrx_word' id='word_1_234' title='bbox 811 2582 1058 2638; x_wconf 87' lang='lat' dir='ltr'><strong>nomine</strong></span> <span class='ocrx_word' id='word_1_235' title='bbox 1083 2575 1377 2650; x_wconf 69' lang='lat' dir='ltr'><strong>meo,&#39;ibi</strong></span> <span class='ocrx_word' id='word_1_236' title='bbox 1412 2595 1541 2636; x_wconf 87' lang='lat' dir='ltr'><strong>sum</strong></span> <span class='ocrx_word' id='word_1_237' title='bbox 1576 2577 1637 2635; x_wconf 92' lang='lat' dir='ltr'><strong>in</strong></span> <span class='ocrx_word' id='word_1_238' title='bbox 1670 2597 1793 2636; x_wconf 91' lang='lat' dir='ltr'><strong>me-</strong></span> 
     </span>
    </p>

    <p class='ocr_par' dir='ltr' id='par_1_15' title="bbox 163 2653 1798 2808">
     <span class='ocr_line' id='line_1_33' title="bbox 163 2653 1797 2728; baseline 0.002 -15"><span class='ocrx_word' id='word_1_239' title='bbox 163 2653 274 2715; x_wconf 87' lang='lat' dir='ltr'><strong>dio</strong></span> <span class='ocrx_word' id='word_1_240' title='bbox 315 2675 532 2716; x_wconf 87' lang='lat' dir='ltr'><strong>eorum</strong></span> <span class='ocrx_word' id='word_1_241' title='bbox 559 2699 577 2728; x_wconf 91' lang='lat'>‚</span> <span class='ocrx_word' id='word_1_242' title='bbox 619 2667 681 2714; x_wconf 89' lang='lat' dir='ltr'><strong>et</strong></span> <span class='ocrx_word' id='word_1_243' title='bbox 719 2660 971 2716; x_wconf 86' lang='lat' dir='ltr'><strong>Sanctus</strong></span> <span class='ocrx_word' id='word_1_244' title='bbox 1015 2661 1277 2715; x_wconf 83' lang='lat' dir='ltr'><strong>Joannes</strong></span> <span class='ocrx_word' id='word_1_245' title='bbox 1324 2654 1797 2728; x_wconf 79' lang='lat' dir='ltr'><strong>chrysostomus</strong></span> 
     </span>
     <span class='ocr_line' id='line_1_34' title="bbox 167 2729 1798 2808; baseline 0 -18"><span class='ocrx_word' id='word_1_246' title='bbox 167 2731 459 2808; x_wconf 76' lang='lat' dir='ltr'><strong>proedicet</strong></span> <span class='ocrx_word' id='word_1_247' title='bbox 489 2779 505 2804; x_wconf 92' lang='lat'><strong>,</strong></span> <span class='ocrx_word' id='word_1_248' title='bbox 553 2751 680 2790; x_wconf 90' lang='lat' dir='ltr'><strong>esse</strong></span> <span class='ocrx_word' id='word_1_249' title='bbox 721 2734 783 2792; x_wconf 90' lang='lat' dir='ltr'><strong>in</strong></span> <span class='ocrx_word' id='word_1_250' title='bbox 822 2735 1098 2802; x_wconf 73' lang='lat' dir='ltr'><strong>oratione</strong></span> <span class='ocrx_word' id='word_1_251' title='bbox 1140 2753 1281 2792; x_wconf 87' lang='lat' dir='ltr'><strong>cum</strong></span> <span class='ocrx_word' id='word_1_252' title='bbox 1322 2729 1617 2791; x_wconf 78' lang='lat' dir='ltr'><strong>fratribus</strong></span> <span class='ocrx_word' id='word_1_253' title='bbox 1661 2731 1798 2807; x_wconf 87' lang='lat' dir='ltr'><strong>plus</strong></span> 
     </span>
    </p>

    <p class='ocr_par' dir='ltr' id='par_1_16' title="bbox 166 2807 1795 2887">
     <span class='ocr_line' id='line_1_35' title="bbox 166 2807 1795 2887; baseline -0.001 -19"><span class='ocrx_word' id='word_1_254' title='bbox 166 2807 404 2887; x_wconf 78' lang='lat' dir='ltr'><strong>aliquid</strong></span> <span class='ocrx_word' id='word_1_255' title='bbox 425 2855 442 2884; x_wconf 91' lang='lat'><strong>,</strong></span> <span class='ocrx_word' id='word_1_256' title='bbox 469 2807 750 2869; x_wconf 79' lang='lat' dir='ltr'><strong>videlicet</strong></span> <span class='ocrx_word' id='word_1_257' title='bbox 786 2810 1172 2882; x_wconf 82' lang='lat' dir='ltr'><strong>concordiam</strong></span> <span class='ocrx_word' id='word_1_258' title='bbox 1192 2855 1211 2883; x_wconf 89' lang='lat'><strong>,</strong></span> <span class='ocrx_word' id='word_1_259' title='bbox 1242 2809 1761 2883; x_wconf 82' lang='lat' dir='ltr'><strong>conspirationem</strong></span> <span class='ocrx_word' id='word_1_260' title='bbox 1778 2853 1795 2877; x_wconf 86' lang='lat'>‚</span> 
     </span>
    </p>

    <p class='ocr_par' dir='ltr' id='par_1_17' title="bbox 167 2881 1797 2966">
     <span class='ocr_line' id='line_1_36' title="bbox 167 2881 1797 2966; baseline -0.001 -23"><span class='ocrx_word' id='word_1_261' title='bbox 167 2887 398 2946; x_wconf 84' lang='lat' dir='ltr'><strong>amoris</strong></span> <span class='ocrx_word' id='word_1_262' title='bbox 445 2887 938 2966; x_wconf 82' lang='lat' dir='ltr'><strong>conjunctionem</strong></span> <span class='ocrx_word' id='word_1_263' title='bbox 968 2933 985 2960; x_wconf 89' lang='lat'>‚</span> <span class='ocrx_word' id='word_1_264' title='bbox 1040 2897 1102 2945; x_wconf 86' lang='lat' dir='ltr'><strong>et</strong></span> <span class='ocrx_word' id='word_1_265' title='bbox 1151 2885 1423 2944; x_wconf 79' lang='lat' dir='ltr'><strong>caritatis</strong></span> <span class='ocrx_word' id='word_1_266' title='bbox 1460 2881 1797 2942; x_wconf 80' lang='lat' dir='ltr'><strong>clamorem</strong></span> 
     </span>
    </p>

    <p class='ocr_par' dir='ltr' id='par_1_18' title="bbox 170 2958 1797 3040">
     <span class='ocr_line' id='line_1_37' title="bbox 170 2958 1797 3040; baseline -0.002 -19"><span class='ocrx_word' id='word_1_267' title='bbox 170 2961 331 3022; x_wconf 80' lang='lat' dir='ltr'><strong>felici</strong></span> <span class='ocrx_word' id='word_1_268' title='bbox 369 2965 692 3030; x_wconf 85' lang='lat' dir='ltr'><strong>societate,</strong></span> <span class='ocrx_word' id='word_1_269' title='bbox 734 2984 802 3022; x_wconf 87' lang='lat' dir='ltr'><strong>ex</strong></span> <span class='ocrx_word' id='word_1_270' title='bbox 839 2983 958 3040; x_wconf 87' lang='lat' dir='ltr'><strong>qua</strong></span> <span class='ocrx_word' id='word_1_271' title='bbox 991 2965 1295 3021; x_wconf 84' lang='lat' dir='ltr'><strong>orationes</strong></span> <span class='ocrx_word' id='word_1_272' title='bbox 1336 2958 1699 3018; x_wconf 81' lang='lat' dir='ltr'><strong>infirmiores</strong></span> <span class='ocrx_word' id='word_1_273' title='bbox 1734 2979 1797 3018; x_wconf 90' lang='lat' dir='ltr'><strong>se</strong></span> 
     </span>
    </p>

    <p class='ocr_par' dir='ltr' id='par_1_19' title="bbox 163 3033 1891 3346">
     <span class='ocr_line' id='line_1_38' title="bbox 167 3033 1791 3116; baseline -0.001 -19"><span class='ocrx_word' id='word_1_274' title='bbox 167 3038 352 3100; x_wconf 87' lang='lat' dir='ltr'><strong>simul</strong></span> <span class='ocrx_word' id='word_1_275' title='bbox 388 3037 765 3116; x_wconf 87' lang='lat' dir='ltr'><strong>complexas,</strong></span> <span class='ocrx_word' id='word_1_276' title='bbox 803 3037 1126 3100; x_wconf 76' lang='lat' dir='ltr'><strong>validiores</strong></span> <span class='ocrx_word' id='word_1_277' title='bbox 1161 3039 1225 3094; x_wconf 86' lang='lat' dir='ltr'><strong>in</strong></span> <span class='ocrx_word' id='word_1_278' title='bbox 1268 3033 1507 3094; x_wconf 85' lang='lat' dir='ltr'><strong>Coelum</strong></span> <span class='ocrx_word' id='word_1_279' title='bbox 1545 3035 1723 3094; x_wconf 82' lang='lat' dir='ltr'><strong>evehi</strong></span> <span class='ocrx_word' id='word_1_280' title='bbox 1774 3059 1791 3095; x_wconf 70' lang='grc' dir='ltr'><strong>ε</strong></span> 
     </span>
     <span class='ocr_line' id='line_1_39' title="bbox 167 3112 1794 3193; baseline -0.002 -19"><span class='ocrx_word' id='word_1_281' title='bbox 167 3120 474 3193; x_wconf 86' lang='lat' dir='ltr'><strong>optimum</strong></span> <span class='ocrx_word' id='word_1_282' title='bbox 511 3127 699 3187; x_wconf 87' lang='lat' dir='ltr'><strong>esset,</strong></span> <span class='ocrx_word' id='word_1_283' title='bbox 737 3115 844 3182; x_wconf 88' lang='lat' dir='ltr'><strong>ubi</strong></span> <span class='ocrx_word' id='word_1_284' title='bbox 885 3112 1200 3174; x_wconf 80' lang='lat' dir='ltr'><strong>commode</strong></span> <span class='ocrx_word' id='word_1_285' title='bbox 1245 3112 1373 3170; x_wconf 84' lang='lat' dir='ltr'><strong>fieri</strong></span> <span class='ocrx_word' id='word_1_286' title='bbox 1413 3120 1649 3187; x_wconf 85' lang='lat' dir='ltr'><strong>posset,</strong></span> <span class='ocrx_word' id='word_1_287' title='bbox 1686 3122 1794 3186; x_wconf 87' lang='lat' dir='ltr'><strong>ut,</strong></span> 
     </span>
     <span class='ocr_line' id='line_1_40' title="bbox 166 3189 1891 3270; baseline -0.005 -19"><span class='ocrx_word' id='word_1_288' title='bbox 166 3192 688 3269; x_wconf 87' lang='lat' dir='ltr'><strong>quemadmodum</strong></span> <span class='ocrx_word' id='word_1_289' title='bbox 717 3194 778 3252; x_wconf 90' lang='lat' dir='ltr'><strong>in</strong></span> <span class='ocrx_word' id='word_1_290' title='bbox 816 3189 1128 3251; x_wconf 86' lang='lat' dir='ltr'><strong>nonnullis</strong></span> <span class='ocrx_word' id='word_1_291' title='bbox 1153 3190 1502 3270; x_wconf 85' lang='lat' dir='ltr'><strong>institutum</strong></span> <span class='ocrx_word' id='word_1_292' title='bbox 1538 3205 1663 3247; x_wconf 85' lang='lat' dir='ltr'><strong>esse</strong></span> <span class='ocrx_word' id='word_1_293' title='bbox 1693 3207 1790 3248; x_wconf 85' lang='lat' dir='ltr'><strong>ac·</strong></span> <span class='ocrx_word' id='word_1_294' title='bbox 1886 3237 1891 3243; x_wconf 88' lang='lat'>.</span> 
     </span>
     <span class='ocr_line' id='line_1_41' title="bbox 163 3263 1793 3346; baseline 0 -20"><span class='ocrx_word' id='word_1_295' title='bbox 163 3271 474 3346; x_wconf 84' lang='lat' dir='ltr'><strong>cepimus,</strong></span> <span class='ocrx_word' id='word_1_296' title='bbox 515 3271 604 3328; x_wconf 86' lang='lat' dir='ltr'><strong>ita</strong></span> <span class='ocrx_word' id='word_1_297' title='bbox 646 3271 712 3328; x_wconf 52' lang='lat' dir='ltr'><strong>&gt;in</strong></span> <span class='ocrx_word' id='word_1_298' title='bbox 748 3269 1033 3328; x_wconf 90' lang='lat' dir='ltr'><strong>omnibus</strong></span> <span class='ocrx_word' id='word_1_299' title='bbox 1067 3278 1128 3327; x_wconf 84' lang='lat' dir='ltr'><strong>et</strong></span> <span class='ocrx_word' id='word_1_300' title='bbox 1151 3263 1398 3341; x_wconf 86' lang='lat' dir='ltr'><strong>singulis</strong></span> <span class='ocrx_word' id='word_1_301' title='bbox 1428 3264 1793 3326; x_wconf 86' lang='lat' dir='ltr'><strong>Dioecesibus</strong></span> 
     </span>
    </p>

    <p class='ocr_par' dir='ltr' id='par_1_20' title="bbox 167 3341 1791 3424">
     <span class='ocr_line' id='line_1_42' title="bbox 167 3341 1791 3424; baseline -0.001 -22"><span class='ocrx_word' id='word_1_302' title='bbox 167 3347 234 3413; x_wconf 81' lang='lat' dir='ltr'><strong>in</strong></span> <span class='ocrx_word' id='word_1_303' title='bbox 261 3367 431 3408; x_wconf 88' lang='lat' dir='ltr'><strong>more</strong></span> <span class='ocrx_word' id='word_1_304' title='bbox 461 3354 797 3424; x_wconf 86' lang='lat' dir='ltr'><strong>poneretur</strong></span> <span class='ocrx_word' id='word_1_305' title='bbox 815 3368 832 3424; x_wconf 71' lang='grc' dir='ltr'><strong>ς</strong></span> <span class='ocrx_word' id='word_1_306' title='bbox 852 3347 1146 3405; x_wconf 88' lang='lat' dir='ltr'><strong>nimirum</strong></span> <span class='ocrx_word' id='word_1_307' title='bbox 1164 3389 1182 3416; x_wconf 87' lang='lat'><strong>,</strong></span> <span class='ocrx_word' id='word_1_308' title='bbox 1204 3354 1276 3402; x_wconf 90' lang='lat' dir='ltr'><strong>ut</strong></span> <span class='ocrx_word' id='word_1_309' title='bbox 1301 3341 1550 3419; x_wconf 83' lang='lat' dir='ltr'><strong>singulis</strong></span> <span class='ocrx_word' id='word_1_310' title='bbox 1576 3341 1791 3402; x_wconf 72' lang='lat' dir='ltr'><strong>diebus</strong></span> 
     </span>
    </p>

    <p class='ocr_par' dir='ltr' id='par_1_21' title="bbox 163 3420 1789 3501">
     <span class='ocr_line' id='line_1_43' title="bbox 163 3420 1789 3501; baseline -0.001 -19"><span class='ocrx_word' id='word_1_311' title='bbox 163 3420 314 3485; x_wconf 84' lang='lat' dir='ltr'><strong>dato</strong></span> <span class='ocrx_word' id='word_1_312' title='bbox 332 3435 504 3486; x_wconf 87' lang='lat' dir='ltr'><strong>certo</strong></span> <span class='ocrx_word' id='word_1_313' title='bbox 535 3427 986 3501; x_wconf 71' lang='lat' dir='ltr'><strong>Campanorum</strong></span> <span class='ocrx_word' id='word_1_314' title='bbox 1007 3424 1176 3499; x_wconf 83' lang='lat' dir='ltr'><strong>signo</strong></span> <span class='ocrx_word' id='word_1_315' title='bbox 1196 3467 1213 3497; x_wconf 85' lang='lat'>‚</span> <span class='ocrx_word' id='word_1_316' title='bbox 1232 3423 1359 3484; x_wconf 87' lang='lat' dir='ltr'><strong>sive</strong></span> <span class='ocrx_word' id='word_1_317' title='bbox 1388 3423 1452 3482; x_wconf 92' lang='lat' dir='ltr'><strong>in</strong></span> <span class='ocrx_word' id='word_1_318' title='bbox 1483 3420 1789 3496; x_wconf 85' lang='lat' dir='ltr'><strong>Ecclesiis,</strong></span> 
     </span>
    </p>
   </div>
  </div>
 </body>
</html>
