2400 3996
645 165 668 200 ·.
717 138 1169 210 BULLARIUM.
1680 145 1759 211 65

197 252 320 316 'Nel
355 250 534 330 quale
559 261 726 311 stato
765 251 832 310 di
870 272 1005 312 cose
1031 249 1289 312 sax-ebbe
1310 262 1533 330 troppo
1564 251 1757 327 dux-0,

48 311 50 332 ⁵
149 351 206 389 se
237 329 674 392 soccomhendo
709 349 841 388 esso
877 327 979 389 nel
1009 328 1274 388 secondo
1303 331 1603 406 giudizio‚
1643 329 1759 390 che

150 407 196 465 si
232 407 309 466 da.
340 406 438 466 dal
464 412 778 479 vescovo,
817 405 892 464 ed
932 405 1300 483 appellando
1332 407 1391 466 la
1418 426 1527 468 sua
1552 407 1755 483 appel-

149 481 366 543 lazione
407 504 534 544 non
571 502 778 548 avesse
817 481 1026 542 effetto
1052 527 1065 538 .
1099 483 1213 543 che
1256 484 1320 542 in
1364 482 1720 547 devolutivo
1741 528 1757 557 ,

150 560 220 626 ed
261 560 448 620 anche
474 581 601 620 non
639 578 918 635 operasse
947 556 1051 618 nel
1087 560 1439 636 suspensivo
1458 606 1477 633 ,
1506 561 1761 620 essendo

151 635 518 772 ἓῖἱοέἷῗῗέ
553 637 892 774 ζίῗῗὲ’“ἒῗ
908 637 1761 774 ³52¹⁰33⁵⁰²i1235¹03ss0¹⁵f2⁶221

151 790 394 850 secondo
434 790 740 866 giudicato
757 731 1110 862 sgccombe„
1147 733 1553 867 azpellandoz
1575 788 1621 849 il
1648 811 1761 852 suo

155 864 375 1001 apgesso
412 867 594 926 abbia
633 864 695 1002 ἑὲ
724 886 834 956 sao
881 867 1089 942 vigore
1123 887 1260 955 ‘non
1298 863 1431 926 solo
1473 869 1537 926 in
1574 867 1757 928 devo-

181 963 216 1000 u
265 963 335 1002 vo
401 965 502 1002 ma
539 963 652 1002 auc
701 963 734 1000 e
772 963 836 1001 m
871 963 966 1002 sos
1009 963 1243 1002 eumve.

220 989 441 1079 Che⁹se
469 1022 591 1079 mai
616 1020 696 1079 da
723 1017 938 1080 taluno
967 959 1026 1078 ¹s³i
1063 1038 1395 1094 opponesse
1414 1066 1431 1093 ,
1468 1040 1663 1082 essere
1690 1023 1757 1082 in

157 1099 333 1170 questi
371 1100 490 1156 casi
533 1095 686 1156 tolta
725 1098 862 1172 ogni
895 1117 973 1171 ap
1017 1094 1311 1156 ellazione
1348 1089 1449 1156 dal
1482 1096 1757 1158 Concilio

155 1171 214 1229 di
240 1178 457 1234 Trento
485 1171 586 1234 nel
629 1175 730 1230 eil.
771 1193 904 1249 cap.
934 1192 954 1228 1
1009 1217 1020 1230 .
1057 1193 1213 1232 vers,
1238 1174 1303 1228 in
1333 1173 1716 1251 omnibusque
1738 1218 1757 1248 ‚

156 1267 283 1307 sess·
309 1247 401 1326 24.
433 1249 506 1306 de
545 1249 984 1326 Refbrmatione
1015 1272 1034 1305 .·
1063 1253 1180 1325 Sap
1226 1251 1281 1309 ia
1312 1247 1352 1309 Γ
1371 1270 1451 1326 op
1494 1260 1719 1310 onente
1740 1291 1759 1320 ,

155 1323 258 1384 che
290 1324 333 1384 il
377 1323 654 1386 Concilio
693 1327 780 1385 ivi
817 1323 990 1402 par-la
1038 1325 1102 1384 di
1151 1270 1254 1384 egi
1303 1345 1458 1402 appe
1484 1325 1541 1385 la
1596 1325 1761 1386 dalla

154 1399 431 1462 relazione
465 1404 620 1463 satta
657 1401 816 1478 dagli
851 1401 1260 1462 Esaminatori
1292 1401 1613 1478 synodali,
1645 1402 1761 1463 che

157 1497 266 1537 non
294 1477 333 1538 1’
350 1479 562 1541 hanno
593 1490 930 1556 approvato
955 1499 1067 1555 per
1098 1479 1321 1538 idoneo
1339 1520 1355 1549 ,
1382 1479 1607 1556 quand'
1627 1500 1760 1540 esso

155 1556 504 1630 pretendeva
560 1555 888 1631 d'esserlo,
941 1555 986 1614 il
1021 1553 1134 1616 che
1180 1576 1309 1615 non
1348 1553 1429 1616 ha
1468 1555 1581 1616 che
1628 1556 1760 1620 fare

1813 267 2022 322 Anno

1842 331 1986 401 1746.

158 1630 240 1691 col
274 1653 404 1694 caso
440 1643 648 1692 nostro
669 1677 685 1704 ,
717 1631 820 1691 nel
854 1630 1034 1710 quale
1062 1633 1111 1692 si
1153 1640 1347 1692 tratta
1381 1630 1521 1693 dell‘
1551 1633 1756 1712 appel-
1838 1640 1847 1649 ¹

155 1704 302 1768 laute
340 1709 416 1768 ab
455 1709 840 1767 irrationabili
863 1709 1096 1785 judicio
1134 1709 1454 1786 Episcopi,
1491 1711 1753 1789 appella.

157 1785 306 1844 zione
348 1807 474 1848 non
524 1786 874 1846 conosciuta
919 1781 1022 1847 dal
1066 1789 1248 1846 Sacro
1290 1787 1569 1848 Concilio
1596 1833 1610 1856 ,
1656 1809 1758 1850 ma

157 1862 475 1924 introdotta
513 1863 592 1923 da
629 1867 689 1922 S.
728 1865 832 1923 Pio
872 1866 950 1926 V.
985 1861 1150 1922 nella
1188 1883 1299 1924 sua
1330 1865 1515 1924 citata
1551 1863 1757 1940 Bolla',

157 1958 306 2001 come
344 1941 543 2002 anche
579 1939 807 2002 riflette
841 1938 886 1998 il
915 1944 1207 2019 Fagnano
1244 1937 1341 2001 ne’
1372 1943 1505 2003 suoi
1548 1964 1755 2004 mano·

159 2019 328 2078 scritti
383 2020 797 2097 sopraccitati.
837 2021 1056 2096 Sappia
1098 2020 1164 2078 in
1218 2017 1377 2079 oltre
1415 2063 1434 2090 ‚
1492 2019 1605 2081 che
1656 2020 1758 2081 chi

156 2094 519 2227 freoendesse
543 2096 607 2155 di
631 2106 1056 2172 argomentare
1076 2093 1180 2156 dal
1206 2116 1345 2157 caso
1381 2093 1519 2157 dell’
1550 2096 1757 2173 appel-

177 2182 302 2232 ante
329 2194 370 2229 a
418 2173 585 2230 mala
622 2173 897 2230 relatione
929 2173 1428 2231 Examinatomm
1446 2215 1464 2244 ,
1500 2172 1577 2229 ab
1614 2175 1758 2228 irra-

157 2247 398 2306 tionabili
416 2250 653 2325 judic-io
689 2250 973 2326 Episcopi
1023 2246 1397 2326 portel-ebbe
1432 2245 1479 2305 il
1518 2266 1631 2307 suo
1668 2247 1758 2306 di·

155 2343 335 2385 scorso
361 2327 471 2403 pih
503 2329 716 2389 avanti
753 2326 814 2386 di
848 2335 1084 2402 quanto
1121 2342 1251 2382 esso
1272 2322 1571 2397 pretende
1592 2344 1612 2383 ε
1634 2343 1762 2384 non

154 2402 554 2529 {retendendo
594 2401 745 2478 egli,
780 2401 896 2462 che
933 2397 1329 2477 l’appellante
1354 2396 1431 2455 ab
1456 2400 1760 2459 ivr-atiena.

183 2478 240 2533 ili
251 2480 477 2551 judicio
514 2480 797 2556 Episcopi
829 2499 954 2538 non
994 2480 1081 2537 sia
1117 2476 1377 2551 sentite,
1407 2474 1649 2540 almeno
1688 2480 1761 2539 'in

156 2551 490 2618 devolutivo
518 2603 535 2632 ‚
589 2555 665 2616 ed
719 2555 1148 2631 insegnandosi
1193 2550 1552 2615 da’Dottori
1583 2596 1601 2621 ‚
1648 2556 1765 2635 che

154 2625 186 2686 l’
199 2632 538 2710 appellante
569 2654 611 2689 a
645 2633 811 2689 mala
847 2631 1121 2689 relatione
1158 2630 1656 2691 Examinatomm
1673 2674 1693 2707 ,
1726 2655 1765 2694 o

155 2725 456 2771 nemmeno
487 2711 522 2771 ὲ
555 2710 755 2769 inteso
793 2710 860 2768 in
896 2706 1287 2783 devolutiVO‚
1313 2728 1351 2769 ο
1390 2709 1641 2787 quando
1679 2708 1763 2786 gli

155 2784 310 2845 viene
354 2785 683 2848 accordato
716 2784 760 2845 il
805 2784 1195 2860 devolutiv0‚
1240 2783 1326 2863 gli
1363 2785 1398 2848 ὲ
1434 2786 1762 2847 accordato

154 2858 236 2934 pel
278 2861 403 2923 solo
450 2864 611 2938 fine,
642 2860 756 2922 che
806 2882 982 2940 possa
1018 2860 1257 2923 salvare
1299 2860 1359 2921 la
1394 2864 1643 2937 propria
1676 2864 1759 2922 ri·

153 2941 453 3009 putazione
488 2986 506 3014 ‚
557 2960 592 2999 e
645 2938 866 3002 levarsi
924 2938 982 2999 la
1022 2938 1338 2999 maschera
1384 2937 1643 3013 postagli
1693 2938 1757 2998 in

155 3013 271 3072 viso
311 3015 468 3093 dagli
489 3016 932 3089 Esaminatori‚
964 3037 1062 3075 ma
1099 3035 1227 3075 non
1263 3013 1342 3074 ad
1369 3012 1578 3074 effetto
1598 3060 1614 3086 ‚
1646 3013 1761 3075 che

154 3105 311 3220 {mssa
333 3095 652 3171 conseguir
673 3092 733 3154 la
764 3093 1155 3167 Pam-ocehia,
1181 3111 1356 3152 come
1386 3088 1579 3151 molto
1601 3089 1761 3151 hene

178 3185 210 3223 a
258 3165 614 3231 discum-ono
659 3168 704 3229 il
755 3169 1090 3229 Massobrio
1138 3170 1209 3227 in
1254 3167 1449 3225 Praxi
1501 3166 1763 3225 habendi

154 3258 476 3304 concumum
490 3248 703 3327 nequis·
727 3244 788 3306 5.
813 3245 957 3305 duh.
976 3245 1036 3323 4.
1055 3247 1119 3305 in
1136 3241 1480 3320 Ventriglia
1487 3245 1553 3301 in
1568 3244 1764 3304 Praxi

156 3315 948 3477 RengBEccksiastic-amm
961 3332 1128 3401 part.
1157 3340 1218 3382 2.
1250 3330 1457 3383 annot.
1492 3320 1549 3383 5.
1593 3320 1649 3401 3.
1697 3340 1757 3383 2.

155 3407 305 3458 num.
407 3441 424 3461 .
