2400 3996
546 228 551 231 .
650 172 787 256 522
1152 171 1540 241 Bannmcrx
1589 171 1759 241 XIV.

354 298 513 353 Por
536 307 593 349 r.
652 282 751 345 vel
790 303 863 343 ex
896 282 1188 360 rescripto
1225 284 1412 361 ipsius
1453 287 1624 345 Rotae
1646 328 1664 359 ,
1703 298 1914 343 omnes
1957 279 2320 343 Auditores

358 367 431 421 A.
464 360 597 421 vu.
654 358 1007 437 suffragium
1046 358 1208 420 serre
1247 360 1474 421 debent
1499 404 1516 430 ‚
1560 363 1612 423 si
1646 359 1978 423 Auditores
2003 356 2316 435 suffragia

659 437 924 499 serentes
982 436 1242 515 disparis
1309 437 1592 497 numeri-
1627 439 1886 497 existant
1909 480 1929 507 ‚
1998 437 2311 512 antiquus

658 515 833 577 stilus
872 524 1190 589 servetur,
1233 515 1525 575 nimirum
1565 514 1730 593 quod
1766 513 2032 575 Auditor
2073 532 2312 590 propo-

662 612 817 653 nens
875 590 1230 669 suffragium
1277 612 1400 653 non
1453 592 1658 669 ferat3
1711 591 1769 650 Si
1809 610 1960 651 vero
2005 589 2312 667 suffragia

662 670 928 737 ferentes
963 670 1087 729 sint
1126 670 1366 729 numeri
1394 670 1558 745 paris
1584 712 1602 743 ,
1642 666 1741 730 vel
1775 688 1918 729 casu
1969 664 2194 744 aliquo
2233 668 2314 727 nd

664 766 994 811 numerum.
1038 766 1248 825 parem
1292 746 1708 821 reducantur3
1763 743 1984 807 debeat
2027 752 2200 804 tuno
2228 747 2314 825 ‘in

665 828 793 903 ipsa
827 828 1023 885 Causa
1054 822 1409 900 suffragium
1435 823 1597 885 ferre
1635 823 1820 883 etiam
1855 820 2128 883 Auditor
2157 839 2314 899 pro-

664 920 933 981 ponens,
970 898 1049 961 ad
1088 900 1206 961 hoc
1246 912 1315 961 ut
1352 902 1538 977 ipsius
1563 899 1770 963 Causae
1807 897 2106 962 resolutio
2142 919 2316 959 sem-

668 1000 779 1058 per
828 987 893 1038 et
932 978 1188 1039 omnino
1227 988 1564 1055 sequatur,
1607 996 1722 1039 nec
1763 976 1844 1037 de
1893 986 2154 1048 caetero,
2221 978 2321 1037 vi·

670 1054 961 1121 dentibus
998 1050 1283 1116 omnibus
1309 1101 1324 1126 ‚
1363 1055 1648 1131 suffragia
1697 1055 1996 1131 eoaequari
2034 1053 2322 1129 possint.

389 1139 650 1195 clausulae
749 1138 1157 1193 Decet-nentes
1178 1132 1422 1193 easdem
1498 1142 1816 1200 raesenteS,
1855 1133 2006 1191 etin
2039 1132 2130 1190 eis
2151 1150 2334 1191 con-·

372 1228 466 1280 pro
512 1206 643 1261 Lite-
672 1220 845 1273 tenta
886 1230 1324 1289 quaecumque,
1371 1231 1452 1271 nu
1483 1209 1544 1269 lo
1591 1229 1866 1285 unquam
1903 1219 2194 1284 tempore
2235 1209 2326 1267 de

408 1294 583 1329 ‘uum
672 1288 1083 1365 subreptionis
1110 1333 1127 1362 ‚
1172 1286 1584 1365 obreptionis,
1620 1284 1920 1347 nullitatis
1942 1331 1959 1358 ‚
1993 1294 2102 1345 aut
2129 1286 2317 1345 inva-

374 1351 618 1425 perpetua
674 1364 929 1437 liditatis
954 1367 1106 1426 vitio
1133 1409 1153 1437 ‚
1186 1385 1290 1429 seu
1333 1366 1692 1426 intentionis
1733 1373 1956 1428 nostrae
1978 1406 1993 1428 2
2031 1370 2143 1423 aut
2183 1361 2322 1423 alio

380 1414 651 1479 fimum*
674 1445 893 1522 quovis
917 1442 1158 1504 defectu
1174 1488 1196 1516 ‚,
1219 1443 1402 1511 etiam
1425 1443 1826 1520 quantumvis
1853 1460 2073 1518 magno
2091 1484 2108 1507 ,
2136 1440 2318 1499 inex-

674 1523 939 1597 cogitato
965 1566 985 1592 ‚
1024 1530 1086 1580 et
1128 1518 1553 1591 substantiali,
1603 1520 1742 1583 sive·
1771 1539 1842 1579 ex
1879 1537 1990 1582 eo.
2032 1516 2208 1595 qnod
2251 1519 2320 1577 in

677 1598 1030 1674 praemissis.
1059 1616 1167 1659 seu
1208 1617 1423 1659 eorum
1463 1595 1670 1674 aliquo
1699 1640 1716 1667 ‚
1755 1593 2172 1655 solemnitates
2199 1638 2219 1667 ‚
2255 1606 2326 1655 et

676 1676 903 1751 quaevis
936 1672 1053 1733 alia
1094 1674 1394 1735 servanda
1415 1718 1434 1744 ‚
1477 1683 1542 1734 et
1567 1671 1956 1749 adimplenda
1976 1716 1993 1743 ,
2023 1680 2282 1732 servata
2303 1716 2318 1738 ‚

675 1762 738 1811 ct
792 1747 1121 1829 adimpleta
1164 1771 1289 1809 non
1341 1751 1610 1820 fuerint,
1649 1760 1758 1817 aut
1805 1770 1876 1809 ex
1924 1749 2148 1827 quovis
2185 1748 2322 1809 alio

676 1827 873 1904 capite
912 1850 947 1889 a
988 1833 1157 1905 iure,
1195 1824 1293 1886 vel
1324 1826 1528 1901 facto,
1561 1836 1672 1887 aut
1707 1837 1940 1887 statuto
1965 1872 1982 1899 ‚
2024 1846 2132 1887 seu
2159 1844 2318 1887 con-

676 1903 1000 1967 suetudine
1038 1902 1412 1974 resultante,
1456 1915 1567 1964 ant
1609 1922 2000 1981 quocumque
2036 1901 2159 1963 alio
2209 1924 2314 1963 co-

678 1980 841 2052 lore,
888 1983 1205 2044 occasione
1241 1980 1336 2056 vel
1383 2003 1602 2053 causa,
1645 1982 1828 2043 etiam
1870 1980 2014 2054 tali,
2055 2001 2196 2066 quoe
2235 1981 2324 2043 ad

678 2059 959 2126 effectum
992 2057 1328 2122 validitatis
1352 2061 1800 2138 praemissorum
1837 2061 2174 2120 necessario
2203 2080 2320 2118 ex-

582 2185 590 2193 .
676 2135 997 2214 primenda
1022 2137 1214 2212 foret,
1257 2139 1494 2210 notari,
1523 2138 1910 2213 impugnari,
1941 2134 2282 2198 invalidari
2301 2185 2318 2210 ‚

679 2216 1003 2276 retractari
1028 2257 1044 2282 ,
1072 2215 1134 2276 in
1176 2221 1308 2294 jus,
1341 2212 1437 2276 vel
1474 2215 1954 2274 controversiam
1993 2217 2322 2285 revocari,

677 2304 790 2352 aut
847 2291 1142 2354 adversus
1192 2291 1330 2352 illas
1373 2290 1804 2370 quodcumque
1860 2290 2064 2360 suris,
2124 2291 2320 2364 faeti,

680 2371 920 2445 grathe,
946 2365 1045 2432 vel
1081 2372 1326 2448 iustitiae
1368 2366 1704 2428 remedium
1750 2369 2070 2445 impetrari
2102 2387 2318 2444 posse,

682 2467 793 2505 nec
824 2447 937 2508 sub
986 2445 1126 2507 ullis
1168 2445 1562 2524 specialibus,
1597 2443 1695 2506 vel
1727 2441 2114 2522 generalibus
2143 2445 2324 2506 simi-

678 2521 829 2582 lium
848 2568 864 2588 .
899 2521 996 2584 vel
1024 2523 1402 2586 dissimilium
1424 2524 1759 2600 gratiarum
1780 2523 2316 2594 revocationibus,

676 2598 1273 2674 modificationibus,
1325 2597 1822 2677 suspensionibus
1852 2645 1870 2670 ,
1927 2598 2312 2661 limitationi·

675 2671 795 2734 bus
837 2719 854 2748 ,
912 2685 1020 2735 aut
1069 2675 1202 2736 aliis
1257 2679 1585 2748 contrariis
1645 2675 2146 2755 dispositionibus
2193 2697 2316 2754 pro

676 2763 953 2830 tempore
978 2751 1441 2829 quomodolibet
1471 2753 1792 2823 faciendis,
1827 2753 2314 2832 comprehendi,

675 2829 781 2892 sed
806 2849 1047 2914 semper
1064 2829 1143 2892 ab
1169 2828 1292 2892 illis
1313 2843 1560 2908 excepta
1583 2876 1596 2901 ,
1621 2843 2042 2910 perpetuoque
2067 2829 2278 2892 valida
2299 2878 2316 2905 ‚

676 2907 853 2968 firma
881 2952 898 2980 ‚
947 2918 1011 2968 et
1046 2906 1312 2970 efficacia
1353 2911 1611 2977 existere
1637 2920 1701 2970 et
1739 2910 1872 2988 fore
1895 2955 1914 2983 ‚
1947 2929 2018 2970 ac
2059 2907 2312 2970 abom-

572 3013 578 3022 ·
676 2984 892 3056 nibus,
934 2996 995 3048 et
1038 2983 1316 3062 singulis,
1347 2986 1427 3048 ad
1508 3006 1615 3048 uos
1652 2996 1925 3065 spectat,
1959 2997 2022 3046 et
2051 3007 2312 3064 quomo-

673 3061 913 3124 dolibet
973 3063 1274 3142 spectabit
1334 3065 1396 3124 in
1495 3074 1746 3126 uturum
1779 3110 1800 3138 ,
1863 3060 2318 3126 inviolabiliter

674 3139 992 3204 observari
1009 3184 1037 3215 ,‚
1061 3150 1125 3200 et
1167 3139 1488 3218 adimpleri
1529 3139 1778 3204 debere.

436 3254 652 3304 Decreta
752 3219 971 3293 Sicque
993 3261 1011 3288 ‚
1052 3227 1117 3278 et
1147 3238 1272 3278 non
1315 3217 1528 3292 aliter,
1567 3218 1631 3278 in
1657 3219 1982 3296 praemissis
2017 3215 2314 3277 omnibus

374 3320 638 3372 irritanti:
678 3300 740 3350 et
782 3289 1036 3368 singulis.
1076 3313 1189 3370 per
1226 3295 1546 3371 praedictos
1587 3305 1649 3356 et
1697 3293 1850 3356 alios
1886 3313 2313 3373 quoscumque

381 3388 588 3439 suffla„
678 3369 917 3428 Judices
944 3367 1341 3443 ordinarios»,
1379 3383 1442 3432 et
1473 3369 1792 3448 Delegatos
1812 3419 1828 3448 ‚
1863 3374 2050 3434 etiam
2079 3376 2306 3432 Causa·

374 3456 593 3508 cuilibet
668 3467 816 3506 rum
862 3443 1075 3508 Palatii
1126 3445 1460 3526 Apostolici
1495 3447 1824 3512 Auditos-es
1849 3495 1868 3526 ,
1917 3470 1988 3511 ac
2030 3449 2306 3528 ejusdem
