2400 3996
605 172 730 241 560
1116 174 1522 271 ,BENEmc‘ri
1566 170 1737 241 XIV.
1802 124 1807 129 ἡ

307 298 549 355 porr,
679 286 885 341 Unum
915 291 1118 341 tamen
1138 328 1154 355 ‚
1185 283 1348 358 quod
1384 282 1522 342 Tibi
1550 282 1831 359 praesenti
1866 291 2049 341 antea
2078 279 2211 340 dixi·

307 369 378 422 A.
406 364 544 424 VII.
605 378 740 419 mus
760 405 776 432 ‚
820 378 985 417 nune
1029 361 1216 418 etiam
1244 361 1471 435 scripto
1507 359 1850 418 iterandum
1878 378 2216 433 censemu33

605 456 728 495 non
757 435 981 495 seilicet
1012 434 1229 496 debitae
1262 456 1403 511 erga
1428 440 1512 494 Te
1534 435 1937 497 observantiae
1964 436 2225 498 defectui

606 512 1006 572 tribuendum
1039 532 1203 583 esse,
1227 512 1390 589 quod
1410 510 1735 589 praedictus
1757 512 2222 571 Archidiaconus

607 598 784 663 tum,
827 600 971 648 ante
1007 588 1367 655 discessum,
1412 600 1821 665 opportunam
1860 588 1968 647 abs
2002 594 2093 645 Te
2124 606 2219 649 ve-

605 667 773 724 niam
813 665 1063 725 minime
1103 667 1484 743 requisierit3
1522 664 1629 725 sed
1659 667 1861 741 potius
1908 664 2099 724 metui
2134 684 2223 721 re-

608 741 930 801 verentiali
951 788 966 815 ,
1007 762 1186 819 quem
1215 752 1473 815 vocant,
1509 762 1579 801 ac
1611 742 1909 803 desiderio
1934 742 2224 818 propositi

605 820 701 877 sui
734 820 930 895 reipsa
979 818 1311 896 exequendi
1335 825 1665 895 ‚-1’ustoque
1686 819 1927 890 timori,
1956 838 2035 877 ne
2058 817 2227 885 ‚forte

605 894 687 953 ab
735 900 862 971 ejus
907 893 1298 973 implemento
1330 906 1753 957 revocaretur.
1798 903 1931 969 Qua
1994 895 2227 953 ratione

605 970 756 1030 bon.
787 990 968 1029 mem.
997 972 1325 1031 Ardicinus
1346 970 1691 1035 Cardiualis
1710 972 1786 1031 de
1800 976 1982 1030 Porta
2000 973 2223 1047 inqua-

609 1046 751 1111 dam
792 1046 1057 1124 Epistola
1097 1048 1173 1107 ad
1212 1048 1713 1109 Praedecessor'em
1738 1053 2023 1109 Nostrum
2047 1052 2225 1105 Inuo-

609 1124 880 1184 centium
908 1130 1130 1201 Papam
1153 1130 1325 1187 VIII.
1360 1126 1737 1202 conscripta,
1776 1146 1954 1183 suum
2005 1124 2231 1183 factum

611 1212 883 1271 excusat,
933 1203 1096 1277 quod
1119 1201 1347 1261 seilicet
1386 1202 1463 1265 ad
1496 1203 1879 1261 Eremit'icam
1918 1202 2105 1262 vitam
2136 1200 2228 1258 in-

611 1288 710 1337 ter
745 1277 1239 1339 Camaldulenses
1276 1280 1683 1355 profitendam
1722 1278 1999 1337 conferre
2022 1296 2085 1335 se
2120 1295 2227 1338 vo·

613 1352 744 1413 lens
765 1401 780 1425 ‚
813 1355 1243 1415 cardinalatus
1264 1354 1543 1415 habitum
1576 1364 1795 1415 exutus
1809 1365 1827 1420 ,'
1856 1351 2134 1413 clanculo
2162 1372 2233 1411 ex

611 1431 870 1491 Urbe'se
907 1432 1298 1493 dubduxerit.
1338 1441 1537 1509 Quum
1574 1434 1771 1503 enim',
1799 1430 2102 1491 Pontificis
2130 1449 2230 1488 ve·

615 1510 718 1567 nia
743 1518 1086 1584 opportune
1120 1510 1372 1569 obtenta
1390 1554 1409 1582 ,
1436 1510 1683 1575 minime
1700 1508 2100 1567 necessarium
2120 1503 2235 1564 sihi

612 1595 862 1661 putaret
890 1606 1194 1645 assensum
1223 1585 1473 1663 collegii
1492 1588 1652 1644 s.-R.
1678 1588 1752 1655 E.
1776 1581 2235 1657 cardinalium3

612 1659 932 1721 consilium
967 1682 1128 1723 vero·
1153 1682 1365 1737 suum,
1400 1682 1478 1721 ne
1515 1663 1831 1731 interverti
1870 1670 2100 1735 posset,
2132 1676 2234 1716 ne-

610 1739 874 1797 cessario
915 1736 1367 1815 occultandum·
1398 1758 1523 1798 esse
1570 1740 1946 1813 cognovisset
1964 1743 1995 1813 ς’
2032 1732 2237 1794 delato

615 1813 838 1873 deinde
879 1814 956 1873 ad
993 1816 1192 1891 ipsum
1244 1830 1561 1874 murmure
1606 1835 1849 1883 eorum,
1893 1814 1997 1891 qui
2048 1812 2237 1887 ipsius

615 1890 847 1949 factum
889 1890 1419 1967 reprehendebant
1440 1938 1456 1965 ‚
1496 1894 1579 1952 ita
1604 1892 1840 1969 scripsit
1872 1892 1949 1949 ad
1984 1886 2235 1949 Pontifi-

619 1986 749 2028 cem
767 2013 784 2042 ‚
822 1968 888 2026 iu
923 1970 1235 2045 praeeitata
1282 1974 1326 2029 E
1374 1966 1550 2030 istola
1590 1989 1609 2028 ε
1654 1967 1831 2045 Quod
1867 1976 2099 2040 autem,
2138 1963 2241 2020 di·

619 2046 794 2102 misso
849 2044 1265 2103 Cardinamtus
1362 2046 1526 2107 abitu
1538 2091 1555 2120 ‚
1619 2044 1994 2102 dissimulata
2036 2051 2204 2109 veste
2222 2085 2239 2114 ,

617 2141 713 2178 me
759 2123 952 2178 itineri
983 2123 1367 2180 commiserim
1383 2169 1399 2196 ‚
1440 2143 1561 2180 non
1595 2128 1797 2199 opinor
1813 2131 2123 2197 propterea
2145 2135 2240 2174 me

621 2209 825 2255 notam
871 2199 1060 2256 ullam
1101 2200 1269 2276 apud
1307 2219 1515 2276 graves
1530 2244 1547 2274 ,
1574 2210 1653 2255 set
1689 2197 2010 2275 prudentes
2064 2195 2243 2255 Vim-s

613 2274 954 2336 vonit-ahere
974 2277 1260 2352 potuisse.
1294 2277 1459 2333 Nam
1496 2296 1633 2332 cum
1666 2274 1879 2331 vellem
1896 2319 1912 2344 ‚
1944 2270 2107 2351 quod
2126 2269 2241 2327 ha-

613 2362 823 2426 ctenus
894 2372 1120 2410 aceram
1136 2399 1154 2427 ,
1197 2353 1642 2410 secretissimum
1671 2370 1795 2408 esse
1813 2393 1828 2421 ,
1864 2349 2040 2426 idque
2053 2347 2247 2426 fratri

615 2427 772 2484 mihi
871 2429 1067 2486 issimo
1088 2431 1465 2486 occultassem
1481 2475 1497 2502 ‚
1515 2429 1841 2486 existimavi
1856 2427 2045 2484 satius
2058 2425 2246 2482 etiam

622 2503 688 2575 in
732 2503 1102 2562 dissimulato
1145 2505 1352 2564 habitu
1394 2507 1545 2563 inter
1582 2507 1807 2583 ignotos
1823 2545 1841 2576 ‚
1880 2519 2065 2582 quam
2100 2519 2245 2558 eum

621 2597 761 2635 vero
794 2576 1000 2638 habitu
1027 2583 1289 2639 incedere
1304 2629 1321 2656 ,
1364 2594 1421 2640 et
1450 2593 1757 2658 propterea
1794 2602 1836 2638 a
1872 2597 2058 2656 poena
2094 2588 2152 2633 et
2196 2595 2239 2635 a

618 2655 800 2731 οιιῲα
825 2701 841 2728 ,
883 2668 940 2712 et
975 2657 1050 2714 ab
1081 2661 1247 2714 omni
1276 2659 1403 2716 alia
1439 2669 1581 2716 nota
1614 2678 1707 2714 me
1728 2728 1733 2734 Ι
1751 2658 2071 2713 imnumem
2104 2672 2246 2710 esse

621 2733 907 2791 existimo.
937 2737 1076 2793 Haec
1103 2733 1374 2810 Epistola
1397 2737 1660 2796 refertur
1675 2735 1741 2794 in
1800 2739 1887 2792 'us
1920 2733 2043 2793 vita
2070 2729 2250 2790 edita

625 2809 707 2870 ab
733 2810 984 2884 Attichy
1013 2813 1077 2870 in
1107 2811 1325 2882 Libro,
1354 2815 1451 2872 cui
1468 2811 1683 2873 titulus
1703 2833 1723 2871 ε
1793 2811 1939 2866 lores
1956 2807 2251 2866 Hwtoriae

626 2888 794 2944 Sacri
829 2887 1068 2966 Colhgii
1091 2889 1156 2946 S.
1193 2891 1281 2947 R.
1310 2893 1392 2950 E.
1424 2889 1850 2948 cardinalium.

383 2971 626 3034 Responm
703 2968 906 3043 Atque
944 2963 1069 3025 haec
1100 2965 1176 3025 de
1215 2967 1416 3044 prima
1452 2965 1796 3044 quaestionis
1828 2971 2027 3040 parte.
2118 2959 2255 3020 uod

333 3035 422 3086 det
497 3050 576 3112 ὅθ’,
629 3059 776 3101 vero
807 3042 886 3102 ad
925 3040 1183 3104 alteram
1229 3045 1450 3103 attinet
1476 3090 1491 3114 ‚
1531 3045 1607 3103 ad
1648 3039 1991 3119 generalem
2014 3039 2098 3098 sei
2126 3039 2257 3096 ieet

331 3101 514 3156 ‘¹²⁰⁶ae
533 3117 843 3193 ‘nr-Legem
874 3164 890 3192 ,
943 3138 1126 3195 quam
1177 3140 1291 3197 pro
1342 3118 1635 3181 similibus
1677 3117 1914 3179 casibus
1956 3136 1993 3175 a
2056 3113 2255 3175 Nobis

331 3169 614 3288 ezneffizss
629 3195 915 3254 constitui
953 3195 1263 3272 postula83
1307 3196 1425 3257 hoc
1464 3197 1601 3257 Tibi
1656 3194 2021 3273 respondere
2068 3209 2256 3268 posse

331 3253 561 3352 gemm,
631 3269 1040 3353 arbitramur,
1065 3276 1217 3334 satis
1240 3275 1383 3334 huic
1432 3277 1519 3334 rei
1556 3276 1617 3333 in
1660 3269 2088 3332 Ecclesiasticis
2124 3273 2252 3327 Ca-

337 3363 603 3423 tugndam,
631 3348 896 3407 nonibus
913 3352 1222 3422 provisum
1254 3371 1401 3411 esse.
1427 3357 1499 3410 In
1516 3349 1791 3416 Concilio
1812 3346 2113 3408 Toletano
2128 3349 2260 3404 IV.¹

631 3443 794 3486 anno
823 3429 1210 3490 DCXXXIII.
1244 3428 1359 3491 sub
1388 3431 1605 3492 Sancto
1628 3427 1862 3494 Isidoro
1894 3421 2261 3564 σείῗανὲἑξὲ
