2400 3996
717 171 907 238 Bou.
917 190 1168 240 smum·
1668 175 1786 261 287

142 291 198 340 et
225 289 428 358 'quam
483 281 755 354 graviter
811 279 1103 340 laborent
1142 325 1161 354 ,
1197 300 1291 347 „ac
1344 280 1789 358 proferendum
1846 297 1886 348 A
1914 313 1945 346 ι
1968 313 1999 348 ιε
2022 313 2055 348 ο

143 357 560 422 testimonium
599 359 852 428 Medici,
893 359 1000 434 qui
1043 359 1447 434 jurejurando
1488 369 1787 432 testetur,
1886 363 2029 431 1746.

142 433 284 493 utile
327 455 398 494 ac
443 437 854 493 necessarium
893 434 1144 494 Oratori
1190 434 1349 506 esse‚'
1392 445 1464 494 ut
1499 438 1562 494 in
1606 436 1788 498 aliam

143 513 470 587 Regionem
495 555 510 582 ‚
549 521 736 586 atque
777 529 982 570 aerem
1026 530 1138 586 per
1163 508 1417 587 aliquod
1448 523 1689 588 tempus
1725 534 1789 573 se

144 588 491 650 transferat.
519 591 642 646 Nec
669 586 819 646 illud
845 585 1089 646 silentio
1130 587 1631 664 praetereundum
1653 634 1671 662 ‚
1706 610 1787 650 an

143 662 364 723 scilicet
401 667 666 735 Orator,
693 674 1026 739 antequam
1063 663 1281 723 morbo
1322 666 1743 741 corriperetur
1766 710 1782 738 ‚

143 741 432 800 trimestri
473 738 724 799 licentia
757 761 794 798 a
834 738 1113 810 Concilio
1148 742 1443 814 permissa
1474 761 1627 800 usus
1656 742 1785 803 fue-

148 817 270 876 rit:
315 816 380 876 Si
425 818 592 876 enim
633 816 697 876 id
743 817 1022 875 nondum
1069 815 1328 887 fecerit,
1370 827 1435 878 et
1473 827 1715 894 tempus
1754 839 1789 878 a

147 891 424 952 Concilio
448 890 759 951 indultum
791 892 1093 952 sufficiens
1121 893 1235 968 ipsi
1270 913 1395 952 non
1423 905 1749 970 reputetur
1770 943 1787 966 ‚

146 972 369 1046 poterit
403 969 602 1028 eidem
637 967 930 1040 concedi,
974 980 1045 1028 ut
1075 987 1187 1044 per
1224 979 1499 1046 quatuor
1554 991 1791 1031 menses

149 1043 228 1106 in'
339 1045 486 1105 ibus
539 1055 748 1104 tamen
789 1044 1168 1105 Conciliares
1224 1051 1457 1106 Menses
1507 1067 1790 1125 compre-

151 1121 262 1180 hen
309 1133 540 1194 antur,
561 1142 600 1180 a
625 1121 976 1182 Residentia
1001 1120 1223 1181 absens
1249 1135 1615 1198 permaneat
1646 1146 1663 1184 τ
1700 1129 1785 1184 At

153 1199 198 1258 si
271 1198 556 1258 raedictos
587 1197 968 1261 Conciliares
1004 1203 1278 1272 Menses,
1328 1208 1571 1261 remoto
1618 1201 1792 1260 omni

155 1274 226 1334 do
249 1294 286 1333 o
313 1285 382 1334 et
411 1272 628 1334 fraude
647 1319 662 1348 ‚
695 1281 822 1352 jam
847 1285 1020 1334 extra
1046 1275 1362 1334 Dioecesim
1390 1278 1752 1352 transegerit
1774 1296 1793 1313 ·

156 1361 396 1412 tantum
435 1353 731 1427 temporis
767 1351 884 1439 ipsi
920 1349 1351 1427 indulgeatur,
1386 1363 1691 1430 quantum
1716 1321 1795 1412 ad

155 1427 647 1489 confirmandam·
685 1430 872 1505 ipsius
921 1425 1343 1487 valetudinem
1398 1447 1549 1491 vere
1590 1447 1791 1489 neces·

157 1507 384 1564 sarium
425 1524 557 1564 esse
598 1505 942 1584 prudenter
977 1503 1388 1581 iudicabitur.
1817 1563 1825 1572 ,

215 1583 344 1658 »Qui
373 1580 624 1642 tandem
654 1580 968 1641 licentiam
991 1579 1415 1640 commorandi
1442 1591 1614 1642 extra
1634 1583 1795 1643 Dioe-
1851 1599 1990 1666 Qum
2026 1616 2100 1650 η-

161 1659 342 1718 cesim
402 1657 747 1734 postulabit
795 1668 1053 1734 propter
1105 1656 1551 1734 malignitatem
1594 1653 1753 1718 aeris
1779 1706 1795 1733 ,
1822 1667 1962 1718 tione
2020 1684 2101 1716 ae·

159 1753 336 1812 quem
381 1734 450 1792 in
488 1755 597 1794 sua
644 1736 898 1794 Dioecesi
935 1733 1146 1810 aliquo
1188 1735 1339 1794 anni
1373 1742 1651 1812 tempore
1696 1737 1796 1796 in·
1821 1733 2101 1813 ris-inustu-

162 1807 468 1870 salubrem
519 1830 646 1870 esse
683 1809 984 1886 affirmet3
1026 1813 1076 1868 is
1118 1808 1330 1870 videat
1353 1812 1574 1883 etiam,
1614 1823 1801 1889 atque
1821 1801 1948 1853 5¹¹⁸·

163 1888 342 1948 etiam
383 1886 536 1964 quid
585 1898 746 1962 agat.
789 1891 868 1946 Et
929 1886 1182 1962 quidem
1232 1907 1349 1964 pro
1395 1889 1660 1956 veritate
1702 1909 1799 1948 ex-

165 1975 352 2039 ponat
387 2008 405 2036 ,
463 1963 691 2041 quibus
733 1965 879 2025 anni
935 1962 1247 2023 mensibus
1296 1964 1679 2039 perniciosus
1724 1967 1805 2027 sit

163 2042 446 2118 Regionis
481 2062 590 2101 aer
627 2062 645 2101 ε
687 2046 844 2101 Item
887 2061 965 2100 an
1005 2040 1223 2099 eadem
1270 2038 1426 2101 Coeli
1473 2043 1805 2117 temperies

165 2127 359 2179 totam
415 2117 901 2194 comprehendat
946 2118 1302 2191 Dioecesim,
1342 2118 1431 2176 ita
1476 2128 1549 2177 ut
1596 2115 1806 2177 nullus

164 2194 326 2255 intra
365 2198 496 2271 eius
530 2204 802 2255 tractum
831 2192 1002 2252 locus
1040 2195 1292 2263 existat,
1332 2192 1395 2251 in
1432 2211 1558 2267 qno
1592 2212 1799 2269 suspe-

159 2281 326 2332 ctum
389 2269 548 2330 illud
587 2282 831 2347 tempus
888 2269 1120 2345 absque
1171 2266 1384 2327 salutis
1434 2268 1807 2327 detrimento

163 2348 352 2418 transi
397 2368 501 2408 ere
555 2346 801 2422 valeat3
850 2356 1161 2421 postremo
1216 2365 1295 2403 an
1356 2342 1808 2405 Conciliaribus

163 2426 352 2485 Mensi
403 2445 474 2483 us
523 2444 670 2487 usus
729 2423 946 2483 fuerit.
995 2422 1239 2481 Etenim
1286 2420 1337 2480 si
1378 2418 1654 2479 nondum
1704 2440 1808 2482 eos

164 2499 276 2561 sibi
319 2502 654 2578 sumpserit
680 2547 696 2574 ‚
749 2519 878 2559 non
926 2518 1082 2575 aegre
1131 2496 1443 2557 obtinebit
1484 2495 1809 2558 Indultum

162 2576 485 2641 abessendi
526 2597 637 2653 per
675 2587 948 2654 quatuor
987 2594 1227 2635 menses
1258 2574 1596 2651 (quatenus
1635 2577 1807 2651 peri-

165 2654 378 2719 culum
421 2654 502 2717 ab
545 2674 686 2715 aere
733 2652 971 2713 tamdiu
1021 2651 1251 2713 durare
1286 2652 1693 2727 censeatur),
1742 2653 1808 2712 in

163 2732 394 2808 quibus
433 2742 642 2791 tamen
678 2742 804 2791 tres
847 2727 940 2790 illi
975 2750 1012 2789 a
1055 2726 1335 2791 Concilio
1370 2730 1649 2805 permissi
1692 2750 1806 2788 nu-

165 2808 448 2868 merandi
501 2818 691 2869 erunt
735 2808 846 2869 zsi
883 2818 1092 2867 autem
1145 2805 1499 2883 huiusmodi
1548 2805 1813 2865 Concilii

165 2883 551 2960 indulgentia
617 2890 744 2962 jam
806 2903 954 2943 usus
1005 2883 1196 2942 fuerit
1224 2926 1241 2952 ‚
1282 2882 1512 2941 frustra
1578 2901 1811 2941 novum

165 2949 490 3021 Indultum
515 2961 805 3037 praedicta
845 2959 924 3019 de
953 2978 1134 3017 causa
1167 2957 1249 3015 ab
1282 2954 1635 3034 Apostolica
1658 2955 1811 3016 Sede

165 3036 552 3114 postulabit3
607 3038 850 3114 sibique
911 3036 1217 3110 imputare
1284 3031 1537 3091 debebit
1566 3076 1583 3103 ‚
1616 3032 1811 3121 'quod

167 3134 364 3190 quum
387 3116 576 3175 sciret
613 3126 782 3175 certo
807 3112 958 3172 anni
995 3121 1273 3185 tempore
1308 3110 1373 3167 in
1409 3127 1519 3167 sua
1560 3112 1811 3167 Dioecesi

167 3212 375 3251 aerem
433 3188 814 3251 insalubrem
871 3189 1004 3248 fore
1029 3226 1046 3251 ,
1090 3204 1405 3247 concessos
1472 3186 1813 3247 vacationis

169 3272 408 3329 Menses
465 3272 532 3329 in
583 3278 826 3345 tempus
888 3261 1043 3324 illud
1091 3282 1217 3323 non
1262 3262 1692 3324 reservaverit.
1737 3266 1809 3321 In

170 3345 460 3405 omnibus
491 3357 698 3407 autem
737 3344 1028 3405 absentiae
1063 3338 1327 3403 Indultis
1345 3386 1363 3413 ‚
1400 3359 1535 3417 quae
1565 3340 1808 3400 ratione

169 3424 330 3485 aeris
361 3421 696 3484 insalubris
731 3425 794 3483 in
829 3430 1146 3499 posterum
1175 3416 1627 3494 concedentur,
1653 3417 1815 3477 hanc
