2400 3996
588 140 703 207 162
782 205 791 218 ,
859 171 862 176 -
1112 137 1503 204 BENE-‚mort
1549 135 1723 244 XIV.

311 261 579 314 Peum-

328 329 397 380 A.
412 328 505 382 VI.

361 531 482 585 ΧΠ.
576 599 583 606 ³

365 1615 527 1668 Exor-

280 1680 446 1734 dium.

578 341 1301 374 ΜΜΜΜΜΙΜΜΜΜῊ
1308 339 2232 372 ΜΜΜΜΜΜΜΜΜΜΜΝἈ.

1082 505 1274 580 CAN
1278 505 1412 578 ΟΝ
1415 506 1735 594 ΙΖΑΤΙΟ
1849 581 1856 588 ,

623 675 879 744 ΒΕΑΤῙ
922 675 1275 746 CAMILLI
1305 675 1422 747 DE
1443 661 1758 744 LELLJS
1799 675 2202 746 Fundatoris

747 761 1129 830 Clericorum
1207 761 1614 848 Regularium
1693 762 2188 828 Ministrantium

751 848 1038 916 Infirmis.
2069 879 2076 886 ·
2157 845 2166 853 ’

701 983 1424 1117 ’ΒΕΝΕΒΙΟΤΠΒ
1484 961 2065 1128 EPISCOPUS
2137 1011 2142 1020 ’

578 1203 587 1212 ·
948 1159 1227 1293 smus
1271 1225 1672 1314 sfflom
1715 1193 1852 1293 m
2137 1167 2144 1203 ²

898 1408 1011 1469 Ad
1032 1409 1386 1488 perpetuam
1418 1411 1503 1466 rei
1540 1403 1906 1508 memoriam.

590 1558 1123 1690 Miszmconmzr.
1144 1627 1417 1688 studium
1439 1671 1456 1702 ‚
1495 1624 1772 1706 Caelestis
1796 1624 1992 1685 Patris
2021 1644 2226 1684 exem·

580 1705 687 1784 plo
707 1750 720 1773 ,
760 1701 1187 1780 inculcatoque
1222 1706 1438 1786 saepius
1472 1701 1800 1765 Salvatoris
1828 1702 2031 1760 Nostri
2065 1722 2224 1780 prae-

580 1792 761 1860 eepto
800 1781 1334 1852 commendatum,
1387 1777 1724 1856 Discipulos
1785 1777 2049 1850 Christi,
2109 1783 2226 1838 Ec-

580 1857 899 1936 clesiaequc
938 1856 1122 1916 Filios
1153 1857 1233 1916 ab
1260 1857 1546 1924 omnibus
1577 1857 1988 1929 humanarum
2021 1857 2223 1914 Socie-

581 1946 781 1998 tatum
827 1932 1233 1994 sectatoribus
1271 1936 1358 1994 ita
1417 1931 1749 2014 discernit,
1788 1942 1859 1991 ut
1905 1932 2015 2009 qui
2063 1929 2228 1990 dile·

579 2016 845 2074 ctionem
890 2010 1228 2071 habuerint
1274 2012 1352 2071 ad
1391 2012 1692 2077 invicem,
1741 2009 1783 2069 ii
1823 2006 2072 2068 demum
2119 2030 2224 2069 su-

577 2091 1061 2169 pereminentem
1097 2088 1265 2147 omni
1303 2089 1568 2149 scientiae
1601 2085 1979 2164 disciplinam
2009 2106 2221 2161 perce-

576 2169 737 2246 pisse
770 2208 789 2239 ‚
847 2167 889 2225 ii
946 2174 1087 2224 vcr‘e
1133 2164 1213 2225 ad
1261 2170 1536 2241 Regnum
1581 2162 1720 2223 Filii
1762 2164 1870 2223 Dei
1905 2164 2226 2240 pertinere

576 2246 1035 2321 dignoscantur.
1090 2247 1230 2301 Haec
1273 2242 1602 2301 charitatis
1631 2239 1734 2301 lex‘
1783 2253 1911 2300 non
1959 2239 2222 2317 lapideis

575 2320 995 2383 Israelitarum
1051 2318 1340 2379 cordibus
1381 2316 1684 2395 insculpta
1710 2362 1727 2391 ‚
1776 2339 1902 2377 non
1941 2318 2221 2377 Levitico

577 2399 783 2474 generi
812 2396 1170 2456 haercditate
1186 2397 1538 2455 transmissa
1559 2439 1576 2468 ‚
1599 2413 1724 2453 non
1744 2396 2004 2454 A'aronis
2036 2396 2220 2471 stirpi

577 2495 720 2533 cum
756 2473 1087 2533 Sacerdotii
1114 2474 1520 2548 praerogativa
1544 2470 1780 2530 tributa
1814 2471 1971 2543 fuit,
2005 2470 2111 2530 sed
2156 2472 2220 2531 in

579 2548 881 2611 Fidelium
924 2546 1214 2607 cordibus
1255 2568 1367 2623 per
1407 2549 1699 2626 Spiritum
1747 2551 2035 2606 Sanctum
2079 2568 2222 2607 sua·

582 2628 742 2687 viter
784 2624 1147 2701 copioseque
1182 2622 1407 2684 diffusa
1428 2664 1444 2693 ,
1477 2626 1636 2683 sicut
1677 2622 2079 2699 alienigenam
2113 2627 2220 2683 Sa·

579 2704 953 2764 maritanum
1008 2698 1327 2775 languenti
1380 2700 1591 2762 Judaeo
1641 2702 1984 2777 proximum
2033 2700 2222 2771 fecit,

579 2782 667 2839 ita
708 2778 1025 2837 universas
1050 2776 1248 2837 -Orbis
1279 2782 1482 2837 Terrae
1517 2780 1804 2839 Nationes
1836 2778 2223 2837 Fraternita-

581 2857 658 2917 tis
721 2850 971 2915 vinculo
1014 2856 1176 2913 inter
1217 2873 1280 2913 se
1329 2852 1664 2931 copulavit.
1711 2858 1824 2914 Per
1859 2853 2026 2913 hunc
2067 2852 2222 2915 dile-

579 2932 798 2992 ctionis
821 2932 1099 3007 spiritum
1130 2950 1282 2992 vere
1318 2941 1613 2991 renovata
1646 2942 1738 2991 est
1763 2930 1942 2991 facies
1975 2934 2223 3007 Tei-ran

579 3009 729 3069 dum
781 3026 969 3083 genus
1022 3006 1400 3080 humanum,
1439 3018 1862 3085 peccatorum,
1905 3018 1970 3066 et
1997 3004 2218 3067 'conse-

579 3085 903 3165 quentium
938 3102 1262 3158 poenarum
1292 3083 1650 3145 vulneribus
1685 3086 2023 3144 sauciatum
2043 3127 2057 3147 ‚
2089 3104 2222 3145 non

578 3160 842 3240 amplius
880 3159 1039 3219 hanc
1060 3157 1480 3235 lacrymarum
1507 3159 1734 3222 vallem
1771 3182 1890 3238 pro
1923 3158 2086 3219 exilii
2123 3172 2218 3221 at·

579 3260 701 3317 q-ue
738 3234 1018 3315 supplicii
1062 3234 1199 3302 loco
1221 3282 1238 3309 ,
1274 3237 1379 3297 sed
1415 3257 1530 3314 pro
1576 3238 1892 3298 charitatis
1921 3237 2217 3297 exercita·

579 3318 785 3388 tione,
826 3333 897 3373 ac
939 3314 1133 3373 beatae
1175 3315 1685 3391 peregrinationis
1729 3314 2069 3375 diversorio
2102 3313 2216 3373 ha-

578 3391 726 3453 bere
762 3392 959 3469 cepit3
1008 3390 1416 3468 humanaeque
1455 3391 1843 3458 infirmitates
1881 3397 2007 3471 iam
2047 3391 2218 3456 inter
