2400 3996
771 133 1219 201 anmm.
1689 137 1810 205 255

171 238 526 318 evulgatam
552 242 938 305 sanctitatem
961 244 1038 303 ad
1059 243 1325 321 rigidum
1356 264 1605 306 examen
1634 265 1807 307 revo-
1866 257 2080 319 Anco

167 329 344 380 caret
387 337 405 377 ε
452 317 714 378 Michael
766 320 914 380 item
970 320 1318 381 cardinalis
1366 320 1813 385 Alexandrinus

168 405 572 471 nuncupatus
599 440 617 470 ,
651 395 758 473 qui
803 418 838 456 a
886 400 1120 457 Sancto·
1163 401 1267 459 Pio
1301 404 1377 458 Pa
1501 404 1577 460 V.
1626 400 1813 477 ipsius

167 470 505 533 Avunculo
527 514 544 537 ,
583 482 646 531 et
695 476 919 534 Nostro
961 476 1355 551 pariterPrae
1400 494 1694 549 coesset-e,
1732 478 1813 537 ad

169 550 534 625 gravissima
589 548 770 625 huius
824 549 1206 627 Apostolicae-
1238 552 1405 611 Sedis
1432 598 1447 623 ‚
1503 554 1814 630 totiusque

170 624 544 685 Christianae
557 623 932 701 Reipublicae
951 630 1194 704 negotia
1218 628 1540 689 tractanda
1560 632 1815 704 Legatus

170 701 426 777 missus,
459 706 942 763 CATHARINAE
981 708 1217 766 monita
1249 716 1312 765 et
1346 703 1596 765 consilia
1636 724 1811 789 expe·

170 778 365 837 tenda
390 778 509 838 sibi
541 798 670 838 esse
693 782 964 856 censuit3
1009 780 1235 859 aliique
1252 793 1548 860 praeterea
1576 784 1810 859 sapien·

171 853 392 914 tissimi
417 857 775 930 Antistites,
812 870 874 917 et
904 858 1172 935 eiusdem
1204 863 1264 918 S.
1302 864 1377 919 R.
1410 864 1477 917 Ε.
1516 860 1811 919 Can-dina·

173 926 262 990 les
288 976 308 1005 ,
355 933 697 1007 praesertim
748 932 1068 994 Marcellus
1112 936 1480 1008 Cerviuius‚
1524 935 1811 1012 Hippoly·
1872 982 1887 991 ,

175 1015 276 1066 tus
321 1006 859 1083 Aldobrandiuus,
898 1022 961 1071 et
1014 1010 1212 1071 Julius
1258 1011 1560 1072 Mediceus
1592 1057 1609 1086 ‚
1660 1032 1815 1089 quos

176 1080 256 1143 ad
286 1081 452 1143 hanc
482 1087 646 1145 Petri
688 1086 1063 1147 cathedram
1087 1088 1313 1148 deinde
1336 1098 1577 1150 evectos
1610 1132 1621 1155 .
1651 1091 1818 1149 inter

175 1160 580 1222 venerabiles
607 1162 1076 1223 Praedecessores
1110 1168 1361 1224 Nostros
1384 1184 1813 1242 numeramus3

261 1238 410 1315 ique
445 1258 658 1298 omnes
699 1237 865 1299 illius
907 1251 1239 1317 perspectae
1278 1242 1587 1301 sanctitati
1610 1285 1625 1313 ‚
1666 1262 1813 1317 qua·

217 1332 318 1372 am
361 1312 556 1374 veluti
602 1314 1124 1390 conclamatione,
1167 1318 1584 1377 testimouium
1630 1315 1811 1376 dede-

177 1400 348 1449 runt.
382 1396 652 1451 Istorum
693 1393 1059 1469 gravissimis
1101 1394 1343 1471 iudiciis
1372 1412 1660 1469 magnum
1698 1412 1815 1453 au-

177 1467 488 1527 ctoritatis
528 1468 768 1545 pondus
807 1468 1043 1529 accedit
1071 1490 1142 1529 ex
1174 1467 1468 1545 singulari
1514 1469 1811 1529 existima·

176 1542 352 1602 tione
377 1585 396 1615 ,
447 1563 570 1622 qua
603 1544 664 1604 S.
689 1544 1004 1622 Philippus
1034 1548 1251 1607 Nerius
1272 1590 1289 1621 ,
1313 1556 1465 1606 tunc
1497 1546 1563 1607 in
1597 1545 1813 1607 huma·

179 1618 272 1678 nis
295 1639 483 1705 agens
503 1667 520 1695 ‚
547 1625 1070 1683 CATHARINAM
1095 1634 1187 1684 est
1212 1632 1571 1701 prosecutus
1589 1668 1606 1697 ‚
1640 1629 1820 1701 cujus

177 1694 366 1755 ctiam
404 1696 788 1773 spiritualem
820 1699 1148 1759 amicitiam
1183 1720 1255 1762 ac
1290 1697 1608 1761 literarum
1648 1718 1812 1760 com-

173 1773 476 1833 mercium
495 1818 513 1849 ,
537 1777 664 1835 Deo
685 1776 1024 1853 inspirante
1045 1778 1339 1913 expetivit
1359 1797 1378 1852 ς
1398 1786 1464 1835 et
1481 1774 1815 1853 aliquando

175 1846 240 1907 in
277 1851 536 1911 extasim
583 1862 794 1928 raptus
821 1896 838 1926 ,
883 1852 1050 1929 quod
1099 1852 1191 1913 ili
1232 1853 1465 1931 pariter
1516 1850 1815 1933 familiare

179 1924 332 1990 fuit,
383 1946 527 1987 cum
567 1928 694 2006 ipse
728 1932 934 1988 Romae
975 1928 1254 2008 degeret,
1286 1933 1815 2008 CATHARINAM

179 2001 240 2061 in
277 2021 400 2063 suo
436 2006 801 2066 Monasterio
834 2007 998 2066 Prati
1039 2017 1555 2079 commorantem,
1604 2026 1813 2067 coram

177 2081 306 2139 Deo
325 2124 346 2153 ‚
371 2083 687 2141 communi
707 2082 1000 2142 nimirum
1015 2084 1291 2160 ipsorum
1315 2084 1596 2142 amicitiae
1613 2103 1769 2144 nexu
1793 2126 1812 2157 ,

177 2151 366 2232 longo
419 2166 696 2234 tempore
753 2168 846 2218 est
904 2158 1247 2236 allocutusg
1296 2157 1815 2237 quemadmodum

181 2229 345 2291 felic.
379 2233 622 2293 record.
659 2234 947 2295 Urbanus
983 2241 1144 2312 Papa
1175 2241 1345 2297 VIII.
1382 2237 1455 2314 in
1494 2235 1617 2294 suis
1658 2237 1813 2310 Apo-

181 2305 412 2368 stolicis
465 2311 679 2371 Literis
739 2329 924 2388 super
965 2311 1237 2388 eiusdem
1288 2310 1493 2369 Sancti
1555 2308 1751 2388 Philip
1793 2311 1815 2369 i

183 2386 666 2448 Canonizatione
696 2409 732 2447 a
775 2389 1072 2463 Gregorio
1095 2391 1234 2452 XV.
1272 2397 1461 2446 antea·
1495 2384 1657 2449 facta
1764 2387 1812 2446 i·-

183 2462 262 2523 tis
287 2506 308 2533 ‚
354 2471 647 2524 testatum
684 2462 956 2542 reliquit.

1905 324 2053 395 ηιμ.

257 2539 542 2629 petiique
577 2561 752 2632 anno‘
776 2542 960 2633 ipsius
987 2540 1184 2601 aetatis
1212 2539 1575 2632 sexagesimo
1607 2550 1811 2616 sexto,
1864 2573 2112 2641 Eiusdem

183 2611 479 2690 religiosae
502 2618 890 2678 Professioms
907 2617 1371 2696 quadragesmm
1392 2627 1645 2710 octavo,
1674 2635 1814 2677 cum
1839 2645 2060 2712 presto„

185 2698 431 2767 tempus
497 2693 842 2755 advenisset
895 2695 1200 2773 migrandi
1248 2714 1319 2754 ex
1379 2693 1498 2755 hac
1562 2705 1690 2755 vita
1736 2695 1813 2756 ad
1838 2728 1994 2764 mors.

183 2763 528 2842 Sponsum,
565 2772 672 2848 qui
705 2771 1006 2832 charitate
1037 2782 1334 2849 perpetua
1385 2770 1597 2832 dilexit
1635 2791 1767 2831 eam
1796 2815 1813 2845 ‚

181 2841 250 2901 in
287 2853 563 2906 extrema
605 2848 790 2923 ipsius
833 2849 1224 2922 infirmitate,
1262 2846 1388 2918 nil,
1416 2849 1531 2908 nisi
1574 2847 1817 2908 illustre

187 2926 250 2977 et
285 2923 694 2984 sanctimonia
733 2922 984 3001 plenum
1015 2927 1325 3001 apparuit.
1366 2922 1673 3000 Siquidem
1706 2927 1815 2982 Ec·-
1918 2943 1927 2952 ·

183 2990 382 3056 clesioe
421 3001 812 3061 Sacramenta
863 3017 1102 3060 summo
1131 2999 1375 3076 pietatis
1412 3009 1473 3057 et
1510 2998 1819 3074 religionis

187 3089 368 3132 sensu
413 3077 594 3150 petiit
625 3089 812 3154 atque
837 3077 1136 3151 suscepit3
1169 3074 1547 3135 sanctissima
1585 3076 1814 3134 Sorori-

187 3145 302 3206 bus
334 3153 572 3211 monita
605 3153 684 3214 de
709 3152 996 3213 omnibus
1019 3152 1353 3212 vocationis
1374 3169 1581 3210 earum
1608 3149 1817 3210 officiis

189 3221 480 3303 reliquit3
529 3229 730 3289 morbi
772 3227 1014 3290 dolores
1045 3229 1273 3290 invicta
1316 3227 1617 3305 patientia
1663 3224 1813 3287 tole·

193 3302 405 3375 ravit3
449 3313 638 3384 atque
690 3307 754 3366 in
804 3305 1093 3366 crucifixi
1135 3307 1360 3366 amoris
1396 3307 1491 3365 sui
1542 3313 1813 3366 contem·

192 3374 469 3453 piatione
521 3403 718 3464 usqne
769 3381 847 3443 ad
899 3393 1237 3446 extremum
1288 3382 1569 3472 spiritum
1622 3381 1817 3443 defixa
