2400 3996
584 166 708 257 198
1083 166 1480 231 Hammon
1526 161 1702 231 XIV.

275 288 318 341 P
337 302 374 342 ο
395 302 430 341 n
455 280 523 341 τ.’
575 286 642 335 tu
660 318 678 349 ,
709 274 993 335 omnibus
1016 276 1289 352 primum
1306 272 1471 335 Cleri
1500 272 1816 352 Regularis
1840 271 2228 351 Ordinibus}

309 358 379 409 A.
411 352 514 409 VI.
572 361 708 412 tum
735 351 1137 412 Ecclesiarum
1158 350 1637 429 collegiatarum
1656 396 1673 425 ‚
1696 361 1757 410 et
1782 350 2188 411 Basilicarum
2206 378 2243 427 ‚-

574 430 760 489 etiam
808 428 1355 498 patriarchalium,
1407 427 1604 489 cleris
1659 438 1849 505 atque
1886 427 2227 505 Capitulis,

576 527 692 566 nec
741 527 866 566 non
899 507 1164 583 praefatae
1206 506 1717 582 congregationis
1749 508 2087 565 Sacrorum
2130 507 2227 565 Ri-

575 594 754 643 tuum
789 583 1297 657 consultoribus,
1334 588 1455 643 Nos
1490 583 1603 659 ipsi
1644 582 1894 641 demum
1932 603 2083 641 cum
2128 584 2251 641 Di·-

573 658 747 719 lectis
792 660 958 720 Filiis
994 660 1165 721 Aulae
1208 665 1441 720 Nostrae
1484 656 1898 733 Officialibus,
1930 669 1997 718 et
2023 660 2230 717 Fami·

573 736 862 809 liat-ibus,
911 758 1054 801 cum
1119 736 1337 797 Schola
1397 741 1739 796 Cantorum
1782 781 1799 808 ,
1860 736 2252 813 cunctisque

573 818 865 875 Romanae
901 813 1100 874 Curiae
1155 811 1553 874 Praelatorum
1601 810 1923 887 CollegiiS‚
1966 812 2231 885 Presby-

574 892 722 950 teris
789 909 1036 967 quoque
1096 891 1575 951 Poenitemiariis
1627 886 2001 948 Sacerdotali
2060 900 2235 949 veste

575 966 846 1039 indutis,
883 966 1152 1045 denique
1199 988 1343 1027 cum
1384 964 1859 1029 venerabilibus
1900 964 2236 1026 Fratribus

576 1045 921 1121 Episcopis,
961 1045 1485 1121 Archiepiscopis‚
1546 1054 1606 1102 et
1658 1041 2066 1115 Patriarchis,
2118 1044 2229 1119 qui

424 1136 454 1159 ‘
575 1120 656 1181 ad
701 1123 1011 1197 octoginta
1059 1122 1188 1181 fere
1235 1122 1613 1197 adfuerunt,
1656 1122 2069 1195 universoque
2108 1124 2228 1181 Ve-

578 1196 946 1258 nerabilium
985 1203 1276 1258 Fratrum
1316 1208 1668 1257 nostrorum
1694 1200 1754 1255 S.
1780 1201 1856 1255 R.
1894 1200 1962 1253 E.
2006 1195 2224 1257 Cardi-

580 1272 814 1334 nalium
865 1274 1173 1353 collegio,
1238 1289 1309 1335 ex
1353 1272 1723 1352 Apostolicis
1769 1272 2023 1332 AEdibus
2078 1288 2257 1351 pro-‘

578 1346 838 1412 deuntes
859 1398 876 1427 ‚
903 1352 1215 1430 frequenti
1251 1358 1578 1412 Procerum
1605 1396 1622 1425 ‚
1663 1361 1725 1409 et
1756 1351 2229 1426 Magistratuum

517 1433 524 1439 ’
581 1447 842 1490 numero
895 1432 1138 1507 stipati,
1189 1440 1253 1489 et
1290 1427 1805 1506 subsequentibus
1858 1426 2229 1503 Apostolicae

577 1504 746 1565 Sedis
786 1508 1095 1580 Notat-iis,
1128 1526 1209 1566 ac
1240 1504 1635 1583 Regularium
1677 1503 1984 1564 Ordinum
2020 1508 2223 1566 Gene-

578 1580 811 1642 ralibus
858 1583 1291 1659 Superioribus
1316 1628 1333 1653 ‚
1385 1582 1462 1643 ad
1513 1577 1826 1642 Basilicam
1886 1582 2226 1641 Beatissimi

575 1658 1018 1733 Apostolorum
1073 1661 1367 1735 Principis
1420 1660 1483 1719 in
1538 1659 1839 1721 Vaticano
1867 1702 1894 1736 ,¹
1943 1656 2225 1718 Coelestis

577 1731 824 1810 Sponsae
847 1746 1072 1796 ornatu
1106 1734 1442 1813 fulgentem
1464 1780 1481 1812 ‚
1515 1739 1635 1796 Nos
1661 1734 1785 1795 laeti
1806 1732 2182 1794 contulimus
2198 1756 2227 1815 ἱ
2252 1751 2259 1759 ·

577 1828 706 1887 quo
747 1816 868 1871 Nos
908 1812 1200 1887 vocabat,
1239 1824 1305 1875 et
1343 1816 1474 1892 ipsa
1512 1808 1929 1875 memorabilis
1974 1811 2098 1872 diei
2133 1813 2227 1874 fc·
2280 1856 2288 1860 -

576 1888 816 1948 stivitas
835 1935 850 1962 ‚
883 1900 944 1949 et
975 1892 1404 1970 antiquissima
1429 1893 1941 1953 Praedecessorum
1970 1893 2221 1952 Nostro-

580 1982 722 2025 rum
743 1968 1126 2030 consuetudo
1145 2015 1164 2044 ‚
1193 1968 1417 2048 quibus
1446 1967 1717 2042 solemne
1745 1968 1865 2028 fuit
1893 1966 2223 2045 praeclaros
2254 1988 2261 1997 ·

579 2041 1002 2122 hujuscemodi
1039 2050 1402 2108 Sanctorum
1452 2043 1803 2124 triumphos
1857 2066 1982 2105 non
2028 2045 2221 2120 alibi,

577 2136 762 2195 quam
796 2122 962 2199 apud
991 2126 1349 2186 memoriam
1378 2124 1648 2202 eiusdem
1675 2123 1844 2184 Beati
1864 2123 2026 2184 Petri
2054 2127 2219 2201 Apo-

575 2195 717 2257 stoli
737 2231 760 2268 ‚·
797 2197 1131 2262 celebrare.
2056 2227 2061 2230 ·

281 2277 552 2330 tustanum
620 2275 746 2335 ·Ibi
791 2297 984 2352 quum
1039 2277 1311 2339 Dilectus
1346 2275 1539 2338 Filius
1594 2279 1813 2336 Noster
1866 2275 2223 2340 Joacl'n'mus

575 2352 768 2412 Tituli
819 2355 1184 2415 Sanctorum
1230 2361 1513 2430 Quatuor
1560 2357 2017 2413 coronatorum
2075 2358 2217 2414 Pre—

491 2483 498 2492 .
573 2427 788 2502 sbyter
815 2429 1052 2492 Sanctae
1079 2435 1373 2491 Romanae
1396 2426 1674 2490 Ecclesiae
1704 2429 2051 2489 Cardinalis
2072 2435 2215 2488 Por·
2254 2446 2261 2454 ·

575 2515 889 2564 tocarrero
929 2517 1355 2584 nuncupatus,
1406 2517 1741 2583 perorante
1780 2504 2016 2568 Dilecto
2060 2505 2219 2566 Filio

569 2579 827 2656 Virgilio
856 2587 912 2640 M
918 2585 1282 2642 onteeatino
1306 2587 1543 2642 Nostrae
1567 2581 2016 2644 consistorialis
2042 2581 2225 2644 Aula‘e

569 2655 922 2730 Advocato,
983 2660 1227 2730 enixus,
1282 2679 1433 2734 quas
1474 2679 1545 2718 su
1594 2679 1661 2718 ra
1703 2661 2020 2720 innuimus
2036 2679 2065 2730 ·,
2098 2661 2214 2719 ‘su-

565 2751 923 2807 premorum
978 2734 1370 2811 Principum,
1414 2739 1532 2794 Ecc
1556 2738 1820 2796 esiarnm
1840 2781 1857 2809 ‚
1910 2745 1973 2795 et
2029 2734 2215 2794 O'rdi-

570 2823 721 2867 num
767 2828 1013 2884 preces,
1063 2821 1255 2888 atque
1290 2810 1773 2888 postulationes,
1820 2821 1936 2888 pro
1984 2813 2230 2874 ΒΕΑΤῙ·

563 2887 794 2945 PETRI
827 2889 1035 2946 REGA
1047 2889 1269 2962 LATI,
1296 2886 1580 2964 aliasque
1609 2901 1725 2965 pro·
1757 2893 2089 2948 Beatornm
2112 2890 2219 2954 Fi-

565 2959 720 3021 delis
739 2969 764 3036 ‚¹
787 2961 1073 3038 Camilli,
1101 2963 1379 3040 'Joseph3
1418 2974 1483 3024 et
1532 2964 1887 3028 Gatharinae
1933 2966 2216 3028 Canoui-
2250 3035 2258 3042 ,

499 3079 510 3093 ‹
561 3039 806 3108 tatione
827 3039 1015 3101 Nobis
1035 3042 1345 3101 instanter
1368 3041 1905 3118 repraesentasset‘3·
1925 3043 2046 3100 Nos
2076 3041 2212 3115 qni·

513 3167 520 3190 ,
561 3113 704 3175 dem
736 3115 816 3175 ad
850 3116 1191 3188 gravissimi
1227 3111 1450 3178 sudicii
1484 3114 1940 3188 definitionem,
1977 3116 2217 3192 absque
2254 3142 2265 3152 ·

563 3189 784 3250 iterata
817 3191 1105 3251 ·Coelestis
1139 3191 1349 3263 auxilii
1393 3194 1788 3254 invocatione
1810 3221 1835 3260 ·,·
1870 3192 2213 3268 procedere
2258 3210 2265 3220 ·

561 3282 687 3324 nen
725 3267 1057 3338 audentes,
1095 3267 1439 3329 decantatis
1454 3275 1606 3328 'cum
1646 3267 2003 3334 Venerabili
2040 3274 2207 3329 Con-

556 3341 941 3402 sacerdotum
986 3353 1149 3414 eoetu
1183 3391 1221 3418 „
1251 3357 1315 3406 et
1352 3344 1744 3407 devotissimo
1784 3342 2017 3420 Populo
2048 3348 2205 3406 ·San-

443 3449 454 3456 ·
556 3426 797 3479 ctorum
823 3419 1114 3499 Litaniis,
1145 3427 1346 3486 Deum
1379 3421 1700 3502 Optimum
1733 3423 2060 3486 Maximum
2088 3440 2209 3504 per
