2400 3996
771 159 1223 242 BULLARmJM.
1680 162 1798 256 493

141 268 560 334 Benedictum
593 274 818 347 Papam
849 276 1019 332 XIII.
1061 269 1363 332 nonnulla
1398 273 1691 334 Miracula
1724 275 1805 336 ab
1860 287 2071 348 Anno

149 343 600 424 omnipotenti
620 353 744 418 D,eo
764 347 840 406 ad
860 349 1309 409 invocationem
1331 349 1603 428 ejusdem
1639 354 1807 414 Beati
1866 353 2036 422 '1:45-

147 425 386 498 PETRl
421 445 636 502 recens
673 434 917 501 patrata
957 424 1178 500 fuisse,
1266 425 1458 486 lacuit
1498 429 1612 504 ipsi
1642 431 1805 506 Apo·
1878 421 1885 432 ’

143 496 372 576 ¹stolica
391 503 767 580 auctoritate
795 503 1165 562 necessarias
1218 501 1512 562 acuitates
1530 504 1810 580 delegare

147 577 481 654 Episcopis
527 578 894 653 Ozomensi,
948 589 1013 638 et
1069 577 1388 640 Palentino
1415 625 1432 652 ‚
1482 591 1594 651 ut,
1637 586 1809 657 iuxta

151 655 603 722 instructiones
647 657 722 715 iis
759 654 1296 727 transmittendas,
1348 677 1531 733 super
1592 657 1806 734 hujus·

153 731 330 790 modi
383 733 637 790 assertis
695 728 1002 792 Miraculis
1055 736 1266 793 Testes
1317 736 1742 794 examinarent
1787 781 1805 810 ‚

154 805 438 884 aliasque
474 807 775 883 legitimas
808 807 1205 884 probationes
1236 808 1617 885 colligerent.
1646 809 1807 872 Hinc

155 882 382 944 delatis
427 884 506 942 ad
554 881 784 944 Urbem
825 885 1208 963 Processibus
1242 885 1322 946 ab
1360 890 1429 946 iis
1480 887 1807 961 confectiS,

151 980 507 1038 eorumque
536 959 888 1040 validitate,
929 982 1040 1022 nee
1077 983 1200 1022 non
1236 963 1528 1024 examinis
1568 964 1767 1024 forma
1786 1005 1805 1040 ,

157 1038 222 1096 in
271 1039 766 1114 congregatione
807 1041 1129 1098 Sacrorum
1172 1042 1429 1102 Rituum
1458 1043 1805 1118 recognita,

155 1124 222 1190 et
261 1119 439 1192 juxta
476 1116 666 1192 'ipsius
704 1117 1209 1192 congregationis
1234 1115 1597 1190 consilium,
1627 1139 1662 1176 a
1700 1117 1804 1180 fel.

159 1193 399 1266 pariter
449 1189 690 1253 record.
729 1189 1048 1254 Clemente
1083 1197 1243 1267 Papa
1284 1197 1425 1252 XII.
1483 1199 1808 1254 Decessore

161 1273 389 1327 Nostro
447 1289 526 1344 ap
572 1267 788 1328 robata
828 1290 846 1346 ;
893 1289 1033 1328 mox
1089 1271 1275 1326 etiam
1343 1266 1462 1328 alio
1519 1274 1809 1330 Processu

159 1343 440 1420 eiusdem
479 1349 526 1404 C
555 1343 810 1404 ementis
846 1346 1217 1404 auctoritate
1247 1355 1599 1404 constructo
1624 1367 1808 1422 super

164 1421 501 1480 novissimo
527 1418 838 1492 *Miraculo
867 1466 888 1495 ‚
930 1431 1002 1480 ut
1047 1421 1399 1493 ferebatur,
1442 1423 1505 1480 in
1554 1421 1810 1483 Dioecesi

163 1496 483 1556 Palentina
528 1497 730 1571 edim,
767 1503 942 1576 eujus
1020 1500 1210 1557 ariter
1244 1502 1557 1557 Processus
1592 1497 1807 1558 validi·

163 1583 255 1632 tas
274 1573 627 1650 approbata
659 1575 778 1633 fuit
812 1597 830 1634 ε
867 1581 956 1634 De
1033 1576 1338 1634 u'usmodi
1370 1573 1810 1638 Miraculorum

167 1647 512 1710 relevantia
540 1696 556 1722 ,
590 1649 930 1713 secundum
965 1597 1250 1712 collectas
1284 1651 1679 1728 probationes
1707 1697 1723 1724 ‚
1771 1653 1821 1714 a'

165 1725 405 1785 Dilecto
445 1725 603 1787 Filio
643 1730 932 1804 Magistro
977 1729 1289 1791 Ludovico
1332 1728 1407 1788 de
1442 1726 1809 1790 valentibus

163 1805 529 1862 Promotore
588 1803 760 1866 Fidei
828 1803 1154 1880 diligenter
1217 1825 1492 1866 excussas
1524 1851 1541 1879 ‚
1600 1807 1809 1866 actum

163 1881 370 1956 primo
410 1880 530 1939 fuit
566 1881 728 1942 iuter
771 1882 1036 1957 praefatae
1092 1882 1594 1960 Congregationis
1643 1887 1806 1942 Con·-

167 1954 432 2035 sultores
487 1977 692 2019 coram
755 1955 990 2019 Dilecto
1057 1957 1209 2026 Filio
1259 1963 1480 2019 Nostro
1536 1959 1810 2023 Antonio

169 2034 439 2095 Xaverio
468 2034 660 2095 Tituli
691 2040 752 2095 S.
785 2035 1076 2112 Stephani
1097 2038 1158 2096 in
1183 2036 1413 2097 'Monte
1444 2034 1638 2097 Coelio
1666 2042 1808 2098 Pre-

167 2109 422 2186 sbytero
462 2114 523 2171 S.
559 2116 637 2173 R.
663 2116 737 2172 E.
774 2111 1095 2173 Cardinali
1141 2110 1374 2171 Gentili
1408 2124 1809 2189 nuncupato,

168 2182 351 2265 hujus
385 2192 596 2247 Causae
622 2192 894 2249 Ponente
922 2211 957 2248 a
988 2188 1177 2249 Nobis
1195 2190 1511 2265 deputam.
1540 2189 1809 2263 Deinde,
1858 2218 1863 2224 ·

169 2266 346 2326 novis
396 2264 1036 2328 animadversionibus
1081 2264 1160 2323 ab
1199 2265 1413 2324 eodem
1446 2262 1619 2322 Fidei
1664 2266 1807 2325 Pro-

167 2352 412 2401 motore
439 2345 699 2403 exaratis
725 2385 740 2411 ,
779 2344 1006 2401 iterum
1037 2340 1223 2401 iidem
1264 2338 1665 2400 Consultores
1708 2360 1807 2401 co-

167 2438 303 2477 ram
348 2420 655 2479 universis
695 2415 1169 2481 venerabilibus
1210 2416 1533 2477 Fratribus
1572 2419 1810 2481 Nostris
1882 2434 1887 2437 '

171 2498 226 2553 S.
259 2498 340 2555 R.
363 2498 432 2551 E.
465 2494 898 2556 Cardinalibus
917 2494 1180 2571 praefatae
1202 2498 1522 2555 Sacrorum
1551 2495 1811 2555 Rituum

85 2609 92 2617 -
173 2574 652 2647 Congregationi
686 2572 1023 2650 praepositis
1053 2616 1068 2642 ,
1118 2574 1180 2631 in
1233 2569 1540 2647 Quirinali
1578 2568 1810 2633 Palatio

169 2650 396 2707 Nostro
423 2650 808 2725 'congregatis
841 2692 855 2719 ,
906 2651 1246 2709 sententias
1286 2670 1425 2709 suas
1465 2648 1753 2709 dixerunt
1788 2671 1809 2709 =

171 2728 377 2801 Atque
422 2726 509 2784 ita
543 2726 792 2785 demum
829 2730 1026 2787 Causa
1051 2724 1231 2803 plene
1264 2725 1566 2799 discussa,
1600 2734 1663 2785 et
1699 2746 1812 2803 per

173 2802 534 2862 novissimas
560 2802 833 2878 praedicti
851 2805 1223 2863 Promotoris
1252 2802 1813 2865 animadversiones

173 2880 629 2939 accuratissime
678 2879 981 2953 cribrata,
1023 2879 1104 2938 ad
1163 2882 1455 2939 Nostrum
1513 2879 1815 2953 iudicium

176 2953 376 3015 delata
426 2955 568 3015 fuit.
621 2959 740 3017 Nos
776 2974 957 3029 vero,
993 2954 1281 3015 omnibus
1319 2963 1629 3028 gestorum
1664 2976 1817 3032 pro-

175 3027 537 3093 bationibus
579 3032 974 3107 examinatis,
1029 3040 1094 3091 et
1137 3040 1265 3090 tam
1325 3028 1470 3089 facti
1498 3072 1513 3095 ,
1558 3038 1621 3087 et
1658 3032 1813 3107 iuris

179 3105 645 3184 allegationibus
671 3155 688 3183 ‚
753 3128 938 3185 quam
1003 3108 1349 3166 Peritorum
1404 3101 1649 3183 iudiciis
1678 3150 1696 3181 ,
1750 3116 1815 3165 et

177 3183 734 3245 consultationibus
765 3183 1094 3261 perlectis3
1134 3182 1363 3243 auditis
1398 3182 1581 3241 etiam
1616 3190 1815 3241 orete-

179 3280 292 3323 nus
308 3273 446 3321 tum
479 3266 691 3322 Causae
713 3258 1193 3322 Postulatoribus
1212 3302 1227 3331 ,
1260 3270 1321 3319 et
1343 3259 1623 3320 Patronis
1640 3298 1662 3325 ,
1679 3264 1816 3319 tum

179 3340 360 3398 etiam
375 3337 635 3414 praefato
656 3342 1011 3399 Promotore
1031 3337 1205 3399 Fidei
1222 3358 1241 3413 3
1266 3335 1817 3413 congregationem

179 3414 1003 3553 geggralemVpraedictorum
1041 3414 1319 3475 omnium
1344 3424 1481 3549 tani
1518 3412 1813 3474 Cardina-

337 3514 426 3551 m·
572 3532 592 3553 ο
