2400 3996
578 140 702 211 230
1078 140 1467 209 sammon
1508 138 1683 205 XIV.

651 249 942 326 Quamvis
977 258 1182 314 autem
1218 257 1567 309 sanctarum
1582 298 1597 309 „
1612 248 1964 309 animarum
2074 252 2200 311 oria

450 331 466 375 ·'-
495 293 520 377 J
547 328 774 391 „omnis
800 370 818 401 ‚
860 328 926 387 in
963 317 1078 387 hai:
1121 325 1541 403 quidemvita
1574 324 1941 402 plerumque
2016 356 2025 365 ³
2110 330 2199 387 in-

549 412 719 471 -tus‚
757 405 822 465 iu
861 402 1058 463 altera
1099 420 1259 463 vero
1290 400 1443 461 adeo
1482 422 1667 481 supra
1708 401 2054 463 humanum
2100 422 2200 463 ca·

576 489 752 557 ptum
775 482 970 556 posita
999 481 1112 551 sit,
1133 489 1209 541 ut
1234 477 1318 542 de
1336 498 1409 539 ea
1432 498 1577 541 vere
1592 479 1833 538 dicatur
1847 523 1863 553 ‚
1898 479 2071 555 quod
2097 500 2206 539 nec

577 553 791 615 oculus
837 556 994 615 vidit
1019 597 1039 624 ,Α
1087 575 1198 617 uec
1246 555 1422 615 auris
1476 554 1716 617 audivit
1743 600 1760 626 ‚
1794 575 1925 615 ‚uec
1978 557 2043 615 in
2102 576 2206 619 cor

549 632 844 696 :hominis
885 632 1192 704 ascendit,
1242 651 1378 708 quae
1416 633 1785 708 praeparavit
1839 636 2001 691 Deus
2064 632 2205 693 dili—

578 706 860 783 gentibus
881 728 979 783 σος
1009 706 1208 769 voluit
1230 718 1437 767 tamen
1456 711 1861 786 Omnipotens
1876 708 2177 769 Dominus
2190 754 2209 781 ,

578 787 706 847 sive
741 783 819 844 ad
861 782 1335 845 manifestandas
1371 784 1615 845 divitias
1654 786 1862 859 gratias·
1885 805 2044 857 suae,
2078 784 2209 848 sive

577 859 656 922 ad
683 860 1090 921 eruditionem
1124 870 1395 921 nostram
1428 903 1447 926 ,
1494 873 1619 922 tam
1646 863 1971 935 insignium
2004 860 2208 921 chari-

477 985 483 992 .
577 948 844 997 amatum
877 929 1203 1011 largitione
1233 940 1755 998 CATHARLNAM
1776 939 1837 996 in
1869 939 2053 996 terris
2098 938 2205 999 ad·

578 1011 720 1075 huc.
747 1014 1058 1075 viventem
1095 1010 1437 1082 illustrare,
1470 1024 1542 1073 ut
1572 1012 1859 1073 omnibus
1892 1012 2112 1074 liceret
2136 1035 2209 1088 ex

577 1086 676 1148 his
719 1108 1014 1165 arguere,
1059 1100 1356 1167 quantam
1405 1087 2101 1166 gloriae.'celsitudiuem
2142 1093 2205 1165 in

549 1174 810 1235 ,aeterna
857 1165 1259 1229 Beatitudiuis
1292 1166 1443 1227 sede
1468 1165 1665 1226 eidem
1690 1166 1971 1256 conferre
1984 1165 2204 1227 ‚decre-

332 1331 558 1382 Min-acu·

285 1399 454 1448 lorum
471 1398 556 1462 glo

285 1466 360 1515 ria
396 1464 558 1516 claret

577 1243 782 1303 visset.

654 1318 752 1380 Ad
773 1318 1295 1398 comprobandam
1330 1319 1631 1397 siquidem
1653 1330 1840 1396 atque
1866 1318 2207 1394 iuvandam

577 1396 876 1459 sinceram
921 1398 1109 1474 ipsius
1151 1397 1561 1467 charitatem‚.
1584 1417 1713 1474 qua
1758 1396 1995 1455 afflictis
2027 1414 2204 1473 opem

577 1472 776 1549 ferre,
815 1474 1223 1551 omnibusque
1258 1474 1543 1550 prodesse
1572 1492 1959 1547 summopere
1997 1476 2203 1549 cupie-

577 1549 722 1619 hat,
757 1550 1034 1611 dedit.ei-·
1058 1551 1355 1611 Dominus
1387 1560 1750 1626 potestatem
1794 1548 2062 1608 faciendi
2090 1551 2205 1611 mi-

577 1626 798 1686 rabilia
819 1669 834 1693 ,
873 1628 938 1685 in
983 1627 1387 1685 instantaneis
1425 1626 1781 1687 morborum
1823 1622 2201 1701 >depulsioni-

490 1759 493 1767 .
573 1702 694 1763 bus
720 1746 738 1775 ,
777 1703 842 1766 in
884 1720 1094 1762 rerum
1149 1699 1981 1779 mulfiplicatione‚;aliisque
2016 1701 2203 1777 signis

321 2245 560 2298 Coelesli'·

279 2315 374 2364 bus
415 2312 555 2364 favo-

279 2380 432 2430 ribus·
468 2385 542 2445 et,

275 2445 430 2496 donis
479 2445 556 2497 lo-

275 2513 507 2578 cuplela·

277 2583 382 2630 tur.

575 1789 763 1855 atque
793 1777 1083 1854 prodigiis
1103 1820 1122 1848 ,
1246 1795 1297 1837 ω
1316 1798 1503 1855 supra
1528 1799 1771 1839 omnem
1808 1787 2053 1837 naturae
2076 1780 2203 1841 vim

575 1856 930 1931 frequenter
979 1798 1355 1931 operaffitur
1392 1865 1741 1931 =·praeterea
1773 1852 1941 1914 dedit
1962 1902 1965 1907 .
1984 1856 2043 1915 ei
2093 1856 2204 1931 spi·

576 1933 767 1993 ritum
817 1929 1152 2008 prophetiae
1179 1974 1200 2004 ‚
1254 1940 1383 2009 q'uo
1416 1974 1432 2001 ,
1480 1933 1609 1993 sive
1654 1930 1733 1992 ad
1781 1932 2203 2006 proximorum

577 2010 1018 2070 correctionem
1041 2054 1058 2082 ‚
1091 2010 1219 2070 sive
1247 2009 1327 2070 ad
1350 2007 1659 2070 -cautelam
1680 2049 1697 2078 ,
1726 2009 1855 2068 sive
1875 2007 1954 2066 ad
1986 2026 2201 2068 conso·

579 2084 871 2146 lationem
894 2122 912 2154 ,-
941 2085 1152 2146 futura
1191 2083 1557 2162 praevideret
1578 2129 1597 2154 ‚
1634 2084 1911 2144 absentia
1960 2087 2198 2162 conspi-

577 2172 744 2222 ceret
777 2207 796 2236 ‚
833 2171 898 2222 et
935 2161 1219 2222 cordium
1252 2173 1483 2222 secreta
1524 2161 1925 2236 dignosceret.

653 2240 896 2300 Amoris
910 2259 1062 2300 vero
1086 2238 1564 2313 magnitudinem
1580 2269 1601 2311 ‚·
1630 2257 1753 2314 quo
1775 2241 1967 2294 Deum
2002 2236 2200 2312 ipsum

577 2335 649 2377 ex
686 2326 822 2377 toto
853 2315 1076 2389 corde,
1099 2335 1170 2374 ex
1191 2323 1322 2374 tota
1358 2323 1595 2381 mente,
1632 2333 1703 2373 ex
1728 2313 2016 2372 omnibus
2052 2314 2196 2376 viria

573 2389 692 2452 bus
729 2393 854 2452 suis
889 2390 1179 2468 diligebat
1206 2435 1225 2464 ‚
1264 2393 1391 2467 ipse
1435 2390 1697 2452 vicissim
1732 2387 2042 2466 praeclaris
2090 2389 2197 2450 bo·

577 2469 798 2528 nitatis·
835 2487 960 2526 suae
1013 2467 1557 2542 significationibus
1598 2465 1843 2527 abunde
1891 2465 2197 2542 rependit.

571 2547 737 2619 Soepe
778 2545 1004 2618 etenim
1037 2544 1166 2619 ipse
1197 2545 1321 2603 Rex
1360 2542 1619 2612 Gloriae'‚
1652 2544 1715 2602 in
1750 2562 1931 2618 quem
1964 2541 2196 2602 deside·

571 2629 716 2678 rant
753 2618 962 2694 Angeli
1002 2620 1349 2695 prospicere
1374 2663 1391 2689 ‚
1432 2617 1737 2696 corporali
1769 2619 1967 2695 specie
2006 2631 2073 2678 se
2098 2617 2201 2680 ,illi

570 2693 910 2758 videndum
963 2692 1281 2768 exhibuit,
1335 2693 1713 2760 dulcissimos
1800 2715 1833 2756 e
1892 2713 2032 2776 oum
2092 2686 2199 2755 ina

567 2789 888 2840 sermones,
939 2771 1232 2833 miscuit:
1290 2769 1371 2830 ali
1418 2771 1623 2832 uando
1686 2772 1709 2830 i
1754 2785 1848 2832 em
1900 2773 2197 2832 Dominus

569 2852 738 2910 Jesus
777 2846 892 2912 sub
943 2847 1141 2923 speeie
1179 2849 1425 2910 Puerui
1463 2870 1501 2910 a
1542 2854 1739 2908 Matre
1772 2849 2021 2923 Virgine
2068 2853 2195 2909 An-

454 2959 458 2965 ·
549 2921 844 2999 ‚gelorum
875 2925 1106 3000 Regi-na
1149 2923 1213 2984 in
1248 2925 1433 3002 ipsius
1474 2922 1633 2984 ulnis
1670 2936 1760 2987 est
1806 2922 2137 2986 reclinatus
2176 2947 2195 2984 ε

569 2999 904 3076 aliquando
923 2999 1194 3077 eiusdem
1232 3006 1441 3076 Imago
1475 3002 1660 3065 Cruci
1692 2999 1863 3060 affixa
1884 3045 1903 3073 ,
1942 2999 2197 3062 revulsis

568 3093 603 3136 a
647 3088 868 3138 trunco
899 3075 1166 3137 brachiis
1185 3117 1203 3145 ,
1236 3076 1619 3144 mirabilibus
1660 3096 1794 3136 earn
1828 3076 2037 3138 beavit
2066 3097 2195 3137 am·

452 3223 457 3230 ,
542 3149 862 3229 plexibus.
885 3154 1159 3229 Denique
1179 3154 1369 3228 ipsam
1404 3156 1467 3214 in
1500 3152 1621 3212 fide
1654 3163 1717 3214 et
1736 3151 2051 3216 charitate
2078 3153 2199 3216 sibi

569 3239 913 3302 sponsatam
945 3227 1174 3302 fulgido
1209 3241 1465 3299 ornatu,
1492 3249 1563 3288 ac
1588 3230 2041 3304 pretiosissimis
2065 3249 2197 3296 mo-

570 3302 796 3364 nilibus
838 3303 914 3362 de
949 3303 1249 3372 thesauris
1282 3309 1407 3366 suis
1443 3305 1777 3366 decoravit.
1818 3303 1991 3368 Illius
2031 3308 2197 3368 enim

569 3377 784 3455 lateri,
825 3399 894 3438 ac
935 3381 1217 3442 manibus
1254 3382 1630 3460 pedibusque
1670 3399 1845 3444 sacra
1867 3379 2197 3466 clavorum
