2400 3996
622 132 747 199 542
1123 130 1512 196 BaNnchx
1557 70 1732 195 XIV'.

360 252 570 303 Pon-r.
624 240 941 300 stitutione
984 237 1280 311 formati,
1320 250 1391 297 ut
1427 234 1866 299 christifideles
1895 235 1974 296 ad
2023 239 2244 299 oratio-

361 319 571 375 mvn.
625 318 757 389 nis,
812 316 941 376 sive
970 312 1211 375 Vocalis
1243 361 1260 388 ‚
1312 316 1439 373 sive
1491 312 1805 385 Mentalis‚
1843 323 1917 373 ut
1970 312 2196 375 dicitur
2225 361 2248 387 ,

624 391 731 453 illa
776 394 853 452 sit
880 438 896 465 ,
930 391 1196 451 studium
1237 411 1377 472 cum
1417 388 1731 451 alacritate
1774 389 2155 457 ineundum,
2184 403 2246 452 et

624 471 755 531 sine
805 470 1248 529 intermissione
1303 466 1816 543 frequentandum
1855 467 2192 527 incitarent
2225 511 2243 541 ,

623 546 867 607 eosdem
908 556 1041 605 tum
1072 542 1601 605 cohortationibus
1648 541 2066 617 inflammare,
2114 555 2245 604 tum

622 621 959 683 coelestium
1002 623 1187 683 etiam
1221 640 1544 680 munerum
1584 618 1884 680 thesauris
1906 665 1922 692 ‚
1979 638 2246 695 quorum

620 699 1131 779 dispensationem
1159 699 1302 774 ipsis
1324 694 1666 758 crediderat
1698 694 2042 757 Altissimus
2062 742 2080 770 ,
2106 696 2248 757 valli-

623 794 764 837 cere
810 774 1204 837 studuerunt.
1253 772 1668 850 Indulgentias
1708 774 1872 833 enim
1898 812 1922 840 ,
1965 784 2244 849 peccato-

624 872 765 913 rum
813 853 1190 912 remissiones
1209 893 1230 925 ,
1265 860 1330 911 et
1359 848 1436 909 de
1467 850 1755 929 injunctis
1784 850 1868 910 eis
1905 850 2242 927 quomodo-

620 926 778 997 libet
834 928 1053 989 debitis
1111 928 1486 1005 poenitentiis
1544 925 1948 988 relaxationes
2007 924 2248 1007 elargiti
2291 982 2304 989 -

624 1016 771 1067 sunt
814 1003 927 1077 iis,
978 1006 1084 1081 qui
1134 1006 1263 1065 sive
1314 1002 1554 1066 vocales
1604 1024 1810 1081 preces
1853 1003 2195 1065 recitarent
2229 1048 2246 1076 ,

623 1082 753 1144 sive
788 1101 897 1159 per
932 1078 1180 1160 aliquod
1228 1082 1518 1159 temporis
1563 1081 1825 1159 spatium
1865 1080 2143 1157 quotidie
2181 1082 2247 1142 in

362 1169 603 1225 Pontifex
624 1156 754 1237 lege
787 1160 1027 1219 Domini
1074 1157 1543 1218 meditarentur.
1597 1162 1719 1218 Nos
1767 1167 1974 1218 autem
2020 1154 2244 1219 lauda·

330 1239 606 1291 confirmat
624 1237 868 1296 tissimis
914 1236 1269 1295 eorumdem
1329 1234 1832 1295 Praedecessorum
1881 1236 2246 1295 Nostrorum

326 1306 603 1385 ῘΡᾶῠΙεθῦ·
626 1311 909 1388 exemplis
950 1314 1218 1386 incensi,
1258 1331 1382 1371 non
1424 1310 1624 1371 solum
1657 1330 1870 1371 omnes
1893 1320 1958 1369 et
1978 1310 2249 1388 singulas

327 1380 429 1425 ¹¹⁸⁸
482 1388 601 1427 ‘³⁰⁸¹‘
627 1388 1066 1465 indulgentia,
1104 1398 1492 1466 peccatorum
1528 1388 1909 1448 remissiones
1936 1430 1953 1458 ‚
2005 1397 2069 1446 et
2113 1408 2243 1463 poe·

324 1455 601 1561 affixi-vg·
625 1467 1023 1528 nitentiarum
1063 1465 1460 1527 relaxationes
1489 1509 1506 1537 ‚
1563 1484 1676 1539 per
1718 1463 1960 1524 eosdem
1991 1466 2246 1526 Nostros

327 1574 563 1626 „mih”
584 1540 602 1553 ⁸
624 1545 1087 1604 Praedecessores
1115 1562 1229 1619 pro
1265 1540 1661 1601 recitantibus
1698 1560 2111 1617 quascumque
2133 1561 2242 1605 vo-

566 1608 582 1627 ’
623 1618 783 1680 cales
804 1638 1012 1698 preces
1040 1617 1407 1695 (dummodo
1434 1638 1748 1695 nunquam
1779 1625 2077 1678 revocatas·
2111 1614 2240 1677 fue-

624 1696 793 1772 rint)
832 1706 941 1755 aut
978 1692 1438 1773 quomodolibet
1467 1692 1819 1768 orantibus,
1854 1713 2248 1772 quocumque

620 1771 808 1833 modo
858 1772 984 1833 sive
1036 1771 1112 1832 ad
1161 1783 1438 1846 tempus,
1482 1772 1608 1832 sive
1651 1773 1716 1831 in
1755 1791 1866 1847 per
1909 1780 2122 1831 etuum
2161 1771 2242 1833 ad

619 1846 785 1923 banc
812 1867 1005 1925 usque
1052 1848 1213 1904 diem
1249 1866 1557 1907 concessas
1583 1892 1600 1923 ,
1644 1852 1874 1925 Aposto
1902 1850 1992 1907 ica
2029 1857 2239 1907 aucto·
2286 1882 2292 1887 ·

621 1922 841 1995 ritate,
876 1930 1089 1981 tenore
1128 1923 1514 1997 praesentium
1538 1968 1552 1989 ,
1594 1924 1710 1982 sub
1750 1922 1961 1981 iisdem
1991 1942 2248 1998 prorsus

620 2000 843 2071 modo,
894 2017 964 2059 ac
1006 1997 1205 2059 forma
1252 1998 1729 2074 confirmamus,
1785 2009 1887 2071 et,
1935 2009 2247 2077 quatenus

612 2093 777 2211 opus
820 2076 933 2148 sit,
976 2074 1052 2134 de
1110 2095 1274 2136 novo
1310 2075 1694 2136 concedimus
1729 2097 1748 2151 3
1792 2095 2006 2136 verum
2055 2078 2244 2138 etiam

615 2171 657 2212 a
684 2152 1053 2229 ias‘insuper
1088 2152 1161 2210 iis
1196 2153 1528 2227 praesertim
1557 2155 1664 2230 qui
1694 2151 1973 2213 mentalis
2008 2155 2244 2215 oratio·-

619 2231 752 2302 nis,
792 2249 896 2290 seu
933 2220 1346 2289 meditationis
1391 2228 1596 2289 studio
1624 2245 1872 2306 operam
1916 2228 2242 2305 dederint,

348 2337 422 2388 Β.
445 2352 565 2390 „m
617 2317 693 2366 ut
722 2306 883 2367 infra
921 2307 1326 2383 impertimur.
1359 2305 1627 2364 Primum
1657 2309 1865 2382 itaque
1905 2305 2196 2368 omnibus
2223 2349 2242 2380 ‚

326 2404 419 2470 qui
472 2371 594 2455 ons
620 2393 685 2441 et
720 2381 973 2460 singulis
1005 2428 1022 2456 ,
1075 2383 1202 2442 sive
1245 2382 1352 2458 qui
1391 2391 1516 2441 tam
1557 2381 1621 2441 in
1681 2381 1998 2457 Ecclesiis‘‚
2051 2403 2242 2460 quam

320 2468 597 2523 tionisuen
619 2457 768 2518 alibi
803 2503 821 2534 ,
870 2470 933 2518 et
972 2453 1345 2534 ubicumque
1377 2456 1649 2518 locorum
1691 2457 1938 2532 publice
1957 2505 1974 2532 ,
2015 2471 2086 2519 et·
2113 2455 2238 2536 pri·

321 2535 596 2612 tali-exer·
620 2544 761 2592 vate
802 2551 1218 2610 quoscumque
1270 2532 1546 2593 homines
1597 2533 1816 2593 orandi
1840 2579 1857 2608 ,
1903 2555 2008 2594 seu
2047 2535 2237 2596 medi·

322 2601 505 2654 entium
530 2602 601 2656 δῦ
620 2608 793 2668 tandi
838 2608 1021 2668 rudes
1064 2609 1634 2686 quomodocumque
1683 2629 1895 2680 orare,
1940 2620 2004 2669 et
2045 2611 2236 2670 medi-

320 2675 601 2746 ⁶⁶⁰P’⁰⁰¹¹·
620 2686 739 2745 tari
773 2684 1126 2756 docuerint,
1169 2686 1296 2746 sive
1343 2686 1446 2762 qui
1480 2689 1592 2762 piae
1627 2686 1892 2751 orandi,
1935 2697 1998 2746 et
2039 2687 2238 2748 medi-2

322 2734 792 2856 ssflffffidzffitandi
840 2761 1211 2897 ἰυξῑίῐιιῑίἓηὶ
1261 2761 1607 2897 Ιιιιῑὲιεωοάἰ
1629 2809 1646 2837 ,
1692 2774 1764 2823 ut
1795 2765 2194 2856 praemittitur
2219 2810 2240 2840 ,

325 2877 539 2934 mm*
612 2839 2240 2996 ὲῖἱῖέὼὲῗέᾅίωῑὲιῗὲῗὲεεῖιὶἶῖἓαΡέἒέἓῗὲζέἐῑηῖῗ

614 3003 848 3071 septem
882 3011 1111 3066 annos,
1153 3003 1216 3053 et
1257 2992 1509 3054 totidem
1649 2993 1976 3070 adragenas
2021 2994 2100 3054 de
2142 2995 2236 3056 in·

610 3072 843 3147 ‘iunctis
867 3111 881 3139 ,
933 3089 1037 3132 seu
1075 3067 1226 3130 alias
1267 3070 1575 3147 quomodo
1600 3067 1726 3130 ibet
1773 3071 1994 3133 debitis
2036 3073 2236 3148 poeni·

614 3149 825 3208 tentiis
863 3148 927 3206 in
984 3147 1181 3208 forma
1225 3145 1498 3208 Ecclesiae
1538 3158 1827 3208 consueta
1870 3145 2236 3209 relaxamus.

405 3249 564 3304 mm,
614 3225 697 3283 Iis
735 3242 885 3286 vero
920 3232 1045 3284 tam
1092 3222 1480 3296 docentibus,
1517 3244 1702 3301 quam
1745 3221 2237 3299 addiscentibus,

320 3334 518 3386 qnoque
616 3301 724 3376 qui
762 3297 998 3360 assidue
1050 3302 1350 3376 praemissa
1393 3301 1736 3378 peregerint
1771 3347 1788 3375 ‚
1841 3321 1912 3362 ac
1951 3300 2242 3362 similiter

319 3382 597 3454 peragenti·
618 3395 761 3437 vere
791 3377 1185 3454 poenitentes,
1211 3397 1282 3438 ac
1316 3377 1496 3438 Sacra
1515 3380 1962 3440 communione
1986 3377 2236 3454 refecti,
