2400 3996
565 201 646 265 w
1065 181 1455 246 BENEmc'ri
1499 177 1677 242 xlv.

265 302 308 357 Ρ
389 318 424 356 1<
453 317 506 356 Τ.
567 289 744 348 nobis
767 285 1192 364 postulantur,
1234 287 1745 364 respondeamuS,
1778 285 2101 362 videlicet,
2124 309 2209 350 an

299 371 370 425 A.
389 368 494 426 VI.
565 385 734 455 sacra
781 365 1162 500 Euohtffiistia
1185 407 1203 438 ‚
1250 386 1385 455 quae
1425 364 1915 502 frequensissime
1970 367 2037 424 in
2089 367 2212 425 ista

550 442 2214 598 ·ssz‘ssft‘fd{stuttg-'1⁵32”gxzssssssada⁰;fffizssssussffi⁹‘3„

567 596 753 656 etiam
792 595 1068 657 Ecclesiae
1095 640 1112 668 ‚
1158 615 1241 658 an
1288 595 1455 672 dies,
1490 597 1556 654 in
1590 593 1819 678 quihus
1852 595 1917 656 id
1950 597 2211 672 permit·

449 679 455 684 '
565 671 829 808 {endum
874 671 1289 750 judicabitur,
1330 671 1411 732 ab
1452 671 1747 750 Episcopo
1773 672 2081 749 designari
2098 670 2213 732 de.

344 849 548 916 Quum
611 759 811 886 efflui}
865 827 938 886 in
987 827 1205 904 primis
1258 826 1679 887 certissimum
1722 835 1815 884 est
1870 824 2017 914 ἱιμω
2062 824 2213 887 sedi

269 919 326 970 i„
343 919 550 972 casibus
571 901 940 994 Apostolieas
964 945 982 974 ,
1021 905 1094 962 in
1148 904 1636 995 quibuscumque
1683 901 1983 993 Eeclesiis.
2021 903 2215 962 etiam

297 1003 481 1064 eonve-
509 1051 520 1063 ·
569 979 890 1056 privilegio
921 982 1301 1047 immunibus
1324 1001 1452 1044 sive
1474 977 1898 1053 saeculanbuS,
1934 998 2063 1040 sive
2090 983 2213 1039 Re.

269 1069 446 1130 mens·
477 1056 550 1131 ⁸32
573 1053 887 1132 gularihus
920 1102 937 1129 ,
989 1079 1116 1117 non
1153 1057 1341 1121 licere
1384 1058 1605 1134 exponi
1642 1054 1889 1132 publice
1920 1057 2217 1118 Divinam

269 1119 1022 1198 S⁸.¹²⁰²¹⁸³¹·.Eucharistiam
1051 1179 1067 1208 ,
1113 1136 1233 1194 nisi
1268 1155 1449 1195 causa
1490 1131 1737 1209 publica
1757 1178 1774 1205 ,
1820 1141 1883 1191 et
1930 1134 2215 1208 Episcopi

271 1203 362 1264 1¹3¹.
400 1203 832 1272 expffi-facultas
871 1211 1321 1271 intervenerint
1352 1231 1371 1288 ς
1437 1209 1624 1270 solius
1672 1219 1879 1270 autem
1930 1209 2217 1285 Episcopi

273 1260 416 1309 ⁸³²¹&
573 1299 972 1364 partes-esse,
1015 1297 1088 1346 ut
1121 1308 1319 1348 causae
1356 1287 1618 1374 publicae
1652 1287 1945 1350 meritum
1990 1305 2215 1362 expen-

574 1364 718 1439 dat,
762 1385 834 1423 ac
870 1360 1161 1424 declaret.
1208 1365 1279 1424 Id
1318 1385 1430 1424 nos
1470 1365 1585 1442 ipsi
1626 1361 1973 1424 luculenter
2002 1367 2215 1452 [osten-

563 1441 778 1500 dimus
829 1442 894 1500 in
943 1451 1154 1507 nostra
1203 1442 1633 1514 Institutione,
1678 1460 1867 1516 quam
1921 1445 2217 1500 Bouomae

576 1519 642 1576 in
689 1515 889 1583 lucem
916 1519 1260 1592 emisimus,
1303 1535 1447 1579 oum
1487 1515 1659 1578 illam
1692 1514 2018 1580 Ecclesiam
2058 1535 2214 1592 prae-

575 1603 774 1654 sentes
805 1593 1410 1669 administraremus,
1436 1605 1503 1654 et
1521 1611 1663 1672 quae
1699 1591 1907 1655 italico
1932 1611 2218 1653 sermone

562 1691 614 1730 -a
640 1670 818 1729 nohis
860 1671 1152 1732 confecta.
1177 1671 1417 1732 decimo
1448 1671 1584 1732 loeo
1607 1672 1763 1732 tomi
1786 1669 2041 1730 secundi
2066 1689 2214 1729 eon-

483 1783 488 1786 -
562 1749 834 1812 -tinetuxu
861 1753 1002 1824 Ipsa
1045 1768 1247 1824 nuper
1276 1768 1419 1814 cum
1458 1747 1709 1830 reliquis
1742 1746 1935 1807 latine
1969 1745 2217 1806 reddita

557 1825 695 1890 efuit
723 1870 740 1886 .
786 1845 924 1902 quae
964 1845 1180 1885 omnes
1222 1827 1383 1902 typis
1430 1827 1892 1907 quamprimum
1932 1824 2217 1882 commit,

575 1911 832 1978 tentur;
867 1907 942 1960 In
971 1899 1076 1961 illa
1102 1903 1291 1978 igitur
1316 1905 1713 1963 Institutione
1735 1903 2051 1976 cognitum
2076 1919 2217 1976 per-

557 1988 974 2055 spectumque
1013 1979 1267 2040 fecimus
1298 2024 1318 2054 ‚
1418 2001 1561 2044 uam
1601 1975 1847 2042 difficile
1886 1977 2087 2057 reipsa
2134 1977 2222 2037 sit

559 2056 907 2116 decernere
931 2102 948 2131 ,
1007 2067 1224 2124 utrum
1269 2076 1385 2134 pro
1432 2056 1592 2121 anda
1610 2102 1628 2132 ‚
1674 2076 1757 2124 an
1804 2052 2221 2137 improbanda

560 2136 656 2191 -sit
700 2132 1100 2193 Eucharistiei
1143 2136 1521 2194 Sacramenti
1560 2134 1851 2216 frequens
1892 2132 2216 2207 expositio.

561 2214 716 2269 —-Haec
746 2230 892 2281 sane
913 2212 1164 2291 quaestio
1192 2212 1461 2271 conferri
1488 2221 1691 2289 potest
1722 2230 1865 2270 eum
1898 2206 2019 2273 alia
2052 2229 2216 2291 quae-

577 2290 777 2347 stione
810 2330 824 2356 ,
871 2292 1085 2360 utrum
1133 2299 1617 2357 consentaneum
1648 2288 1853 2363 'magis
1906 2285 2221 2364 iudicetur

580 2384 712 2422 rem
737 2365 1024 2434 Divinam
1047 2364 1303 2443 singulis
1352 2364 1569 2432 diebus
1596 2364 1896 2431 conficere
1915 2409 1931 2437 ,
1958 2384 2041 2425 an
2068 2383 2220 2425 vero

580 2439 914 2515 aliquando
951 2442 1365 2511 intermittere
1391 2465 1413 2520 3
1453 2452 1664 2504 utrum
1689 2442 1921 2519 pariter
1944 2438 2036 2499 illi
2056 2482 2073 2511 ‚
2108 2443 2220 2517 qui

563 2516 934 2576 -Sacerdotes
983 2538 1110 2579 non
1164 2530 1311 2581 sunt
1332 2564 1349 2593 ,
1389 2528 1453 2578 et
1501 2530 1711 2579 tamen
1762 2515 1841 2577 ad
1874 2517 2217 2594 percipien-

560 2592 724 2651 -dam
777 2594 1223 2656 Eucharistiam
1316 2595 1548 2655 uotidie
1588 2594 1893 2658 accedunt
1923 2639 1940 2668 ,
1984 2591 2173 2653 laude
2202 2640 2219 2667 ‚

559 2692 664 2729 an
703 2689 960 2740 censura
998 2668 1166 2746 digni
1209 2616 1561 2732 videantur.
1605 2669 1859 2732 Nullum
1907 2670 2003 2729 his
2052 2689 2220 2746 quae·

580 2745 886 2813 stionibus
918 2766 1279 2823 responsum
1313 2748 1446 2807 fieri
1484 2758 1689 2826 potest
1708 2792 1726 2824 ,
1764 2747 1881 2807 nisi
1905 2755 2088 2807 antea
2114 2746 2218 2807 de-

561 2822 898 2884 -clarentur
941 2822 1279 2901 peculiares
1330 2846 1541 2885 rerum
1588 2826 2057 2893 circumstantiae
2082 2868 2100 2898 ,
2150 2844 2223 2883 ex

562 2900 810 2977 quihus
835 2903 1038 2961 om'nis
1061 2902 1287 2963 solutio
1303 2900 1677 2963 difficultatis
1700 2900 2075 2961 desumenda
2099 2911 2219 2961 est.

353 3022 396 3074 C
498 3022 509 3032 .
563 3026 570 3031 .
657 2979 761 3052 Ii,
811 2982 919 3054 qui
969 2979 1323 3060 frequentes
1368 2978 1765 3045 Eucharistiae
1812 2978 2223 3054 expositiones

287 3038 533 3139 nugam*
585 3054 942 3132 improbant
965 3102 982 3129 ‚
1013 3058 1080 3115 in
1106 3058 1376 3117 medium
1403 3056 1671 3117 afferunt
1702 3055 2175 3115 irreverentiam
2204 3099 2223 3128 ,

287 3156 424 3221 quod
468 3123 501 3212 ζ,
586 3152 722 3210 quae
763 3130 1127 3210 plerumque
1165 3156 1307 3195 cum
1350 3134 1647 3212 ejusmodi
1682 3132 2029 3209 frequentia
2071 3150 2222 3192 con.-

288 3223 485 3275 Poutif.
587 3212 884 3286 iungitur.
931 3213 1166 3269 Contra
1217 3231 1364 3273 vero
1396 3209 1793 3287 intelligimus
1834 3208 2030 3269 veteri
2072 3228 2221 3267 con·

292 3292 566 3357 praebetur.
591 3286 913 3345 suetudine
955 3285 1190 3346 factum
1240 3308 1365 3348 esse
1388 3334 1405 3363 ,
1458 3299 1536 3348 ut
1576 3288 1931 3365 frequenter
1982 3286 2049 3343 in
2102 3286 2223 3345 ista

593 3366 858 3423 Civitate
911 3367 1090 3422 Sacra
1143 3368 1430 3441 Mysteria
1482 3363 1727 3441 publice
1780 3372 2173 3440 exponantur
2207 3408 2223 3435 ,

593 3459 726 3525 quae
762 3443 812 3500 si
857 3439 1188 3517 abrogetur
1215 3492 1231 3521 ,
1288 3442 1421 3503 fore
1470 3452 1545 3504 ut
1574 3440 1791 3521 populi
1824 3438 2061 3519 Religio
2084 3485 2101 3516 ,
2152 3460 2235 3498 ac·
