2400 3996
691 193 1137 259 nummum.
1615 195 1735 281 267

122 321 278 362 usum
305 345 322 376 ,
365 301 496 365 sine
530 301 804 376 Imagine
853 297 1144 361 Cruciflxi
1171 345 1186 373 ,
1222 319 1357 377 quae
1394 301 1662 380 pendeat
1706 323 1740 364 e
1794 303 2006 374 ᾈῃῃο

124 384 334 452 Cruce,
365 399 496 436 rem
543 379 831 441 Divinam
866 377 1000 436 fieri
1050 399 1176 438 non
1208 399 1382 454 posse
1410 424 1425 452 ,
1467 381 1585 440 nisi
1634 401 1736 440 ne·
1840 384 1986 454 1746.

124 457 340 515 cessitas
361 456 766 514 intervenerit
796 458 910 514 :Et
926 454 1209 530 profecto
1230 457 1409 514 initio
1432 456 1737 531 Ecclesiae,

124 553 242 591 cum
272 529 508 590 Fideles
537 531 850 590 concitare
881 533 957 589 ad
983 531 1261 590 furorem
1284 530 1559 592 Gentiles
1615 554 1743 594 ma-

126 627 366 684 gnopere
407 609 702 666 timerent
727 651 746 680 ,
781 608 835 667 si
873 607 1193 666 Christum
1222 609 1597 668 Crucifixum
1626 630 1738 686 pu-

126 683 262 744 blice
301 682 688 744 adorandum
724 695 1191 760 proponerent3
1230 690 1493 746 Crucem
1533 696 1741 746 tamen

32 769 34 806 ἰ
127 759 380 835 pluribus
434 760 634 820 modis
673 770 1026 820 exornatam
1066 759 1271 836 palam
1312 762 1740 839 exponebant,

32 857 34 906 ξ
131 847 290 912 atque
314 839 574 896 incisum
596 879 613 906 ‚
646 834 744 895 vel
781 836 1089 914 depictum
1121 839 1307 896 Cruci
1347 839 1745 914 apponebant

32 911 35 984 ξ
129 919 342 988 Agnum
373 958 386 980 ‚
421 915 527 990 qui
556 918 762 990 Typus
793 915 1190 972 amantissimi
1226 912 1561 975 salvatoris
1586 935 1740 975 sem·

32 995 35 1050 2
131 1009 221 1064 per
259 989 508 1062 habitus
547 999 674 1062 est,
714 999 787 1049 ut
833 1010 908 1048 eo
947 988 1164 1049 saltem
1217 990 1399 1050 modo
1452 993 1745 1052 Crucifixi

32 1127 34 1140 Ε
131 1067 441 1141 Imaginem
477 1064 836 1125 exhiberent
865 1087 882 1125 ε
927 1067 998 1126 Id
1031 1067 1409 1142 conspicitur
1441 1068 1648 1128 adhuc
1678 1071 1744 1128 in

63 1220 68 1222 .
135 1140 424 1204 nonnullis
469 1142 654 1220 huius
691 1144 972 1203 Civitatis
1011 1140 1287 1203 Ecclesiis
1309 1187 1327 1216 ‚
1368 1155 1433 1202 et
1474 1147 1743 1203 testimo-
1806 1205 1815 1208 ,

135 1221 218 1278 nio
257 1219 446 1280 etiam
492 1221 704 1297 Magi-ii
745 1219 1188 1295 comprobatur
1244 1221 1309 1276 in
1342 1223 1483 1290 -ejus
1530 1222 1743 1278 Hiero-

139 1294 289 1350 Ieaico
305 1336 327 1362 ,
355 1296 728 1355 invocffiulo
755 1301 996 1356 CRUX.
1534 1325 1542 1332 ·
2004 1352 2015 1365 ,

183 1371 469 1432 ‘Secundo
512 1371 649 1431 loco
691 1371 1034 1450 inquiritur
1071 1413 1094 1444 ,
1141 1381 1358 1430 utrum
1406 1369 1751 1431 Crucifixus
1834 1353 2047 1430 D⁰.⁸¹¹⁸

135 1446 382 1524 pendens
433 1469 472 1508 a
521 1455 722 1510 Cruce
777 1449 1002 1508 debeat
1055 1450 1118 1507 in
1173 1446 1375 1507 Altari
1418 1448 1743 1519 constitui,
1768 1425 2051 1499 quaestione

131 1525 341 1584 etiamsi
397 1523 684 1586 Salvator
749 1537 960 1586 noster
1008 1523 1349 1584 Crucifixus
1401 1525 1465 1584 in
1521 1503 2017 1604 majori⁸305222¹¹

138 1599 341 1660 Tabula
374 1601 610 1663 Altaris
647 1601 925 1678 depictus
943 1631 966 1676 ‚·
1003 1613 1114 1660 alit
1147 1599 1394 1660 caelatus
1427 1609 1744 1677 appareat.
1802 1619 1946 1672 crux
1979 1653 1995 1684 ,

137 1678 430 1738 Gavantus
463 1679 524 1738 id
545 1679 820 1768 ‘quidem
855 1678 1122 1756 probat;
1157 1676 1259 1736 alii
1298 1697 1447 1737 vero
1476 1697 1743 1736 necessa·
1766 1686 2049 1754 qnando'in

139 1754 275 1812 rium
305 1755 371 1813 id
407 1758 660 1818 minime
692 1755 1117 1827 arbitrantur,
1155 1754 1493 1814 dummodo
1539 1764 1748 1815 tamen
1804 1754 2007 1804 Tabula

32 1857 35 1864 ·
140 1829 454 1891 Crucifixus
511 1834 575 1890 in
633 1833 850 1910 majori
897 1831 1133 1892 Tabula
1194 1828 1294 1892 vel
1349 1832 1550 1907 pictus
1586 1872 1600 1899 ,
1650 1828 1748 1892 vel
1807 1821 2008 1871 Astffl‘·

139 1905 396 1980 caelatus,
444 1909 714 1985 primum
759 1906 964 1967 locum
1017 1908 1296 1968 obtineat
1334 1927 1461 1984 prae
1520 1909 1751 1966 caeteris
1773 1894 1853 2006 ‘'2'‘
1904 1887 2045 2004 “¹3⁹9''

140 1984 400 2049 omnibus
433 2030 449 2058 ,
487 2006 622 2061 quae
661 1986 725 2043 in
769 1983 981 2045 eadem
1020 1983 1260 2045 Tabula
1296 1985 1747 2061 exprimuntur.
1772 1969 2053 2074 {igzusm'

141 2064 214 2119 Ita
253 2071 508 2131 censent
541 2060 928 2140 Pasqualigus
964 2060 1038 2117 de
1073 2062 1371 2137 Sacnficio
1396 2058 1749 2137 Mssoe‘qu.
1963 2054 1976 2069 '

141 2135 255 2214 716.
277 2160 292 2198 ε
313 2144 593 2215 Quartus
606 2140 692 2194 ad
705 2140 1002 2195 Rubrio-as
1017 2139 1293 2195 Missalis
1314 2156 1452 2213 par.
1479 2154 1499 2192 1
1514 2177 1531 2194 .
1546 2137 1636 2193 tit.
1654 2132 1753 2206 πὸς

139 2213 257 2271 dab.
303 2233 400 2274 ιο.
430 2224 493 2275 et
511 2213 866 2275 Gir-ibaldus
891 2214 964 2270 de
985 2214 1382 2271 Sacramentis
1412 2214 1475 2267 in
1488 2223 1660 2268 tmot.
1692 2209 1751 2268 5.

33 2342 35 2355 ,
139 2290 512 2369 deSacnficio
530 2292 748 2349 Μίδεω
767 2311 898 2368 cap.
917 2292 988 2368 9.
1019 2288 1159 2345 dub.
1191 2308 1251 2347 2.
1280 2308 1449 2345 num.
1476 2304 1571 2345 20.
1600 2288 1755 2345 Huic

33 2372 35 2375 ⁴
141 2369 352 2437 pariter
409 2370 730 2428 sententiae
773 2386 836 2427 se
891 2366 1303 2428 conformavit
1354 2365 1758 2453 congregatio

141 2448 450 2505 Sacrorum
485 2446 774 2513 Ritu'um-‚
815 2443 909 2502 uti
935 2452 1176 2501 constat
1216 2460 1289 2501 ex
1326 2460 1757 2519 responsione,

32 2538 34 2543 ·
143 2542 306 2597 quam
354 2522 492 2599 >ipsa
548 2518 964 2599 promulgavit
996 2538 1155 2575 anno
1212 2514 1417 2591 1663„
1464 2527 1531 2577 et
1573 2536 1761 2594 quam

145 2604 394 2657 Meratus
439 2608 716 2657 recenset
743 2608 885 2655 tom.
923 2614 974 2655 1.
984 2606 1150 2672 parc.
1180 2614 1232 2653 1.
1259 2596 1351 2654 tit.
1382 2613 1479 2653 20.
1506 2592 1579 2650 de
1595 2615 1759 2671 proe-

32 2670 34 2675 ’
135 2676 426 2748 paratione
445 2674 678 2731 Altaris
705 2694 770 2732 n.
797 2671 894 2747 6.,
923 2683 986 2733 et
1016 2675 1080 2733 in
1110 2672 1319 2733 Indice
1361 2677 1761 2732 Decretorum

143 2750 328 2807 eodem
355 2761 500 2807 tom.
542 2761 707 2826 part.
751 2768 811 2809 2.
845 2766 909 2808 n.
935 2747 1073 2827 400.¹
1853 2777 1985 2827 nem

205 2830 418 2889 Tertio
469 2825 607 2887 loco
661 2827 959 2903 quaeritur
987 2870 1003 2899 ,
1045 2836 1259 2885 utrum
1308 2824 1655 2911 Crucifixus
1694 2826 1763 2880 in
1790 2860 1855 2893 a„
1912 2809 2031 2908 pon}

144 2903 330 2964 Altari
370 2901 658 2963 collocari
685 2902 942 2972 debeat,
982 2922 1124 2961 cum
1163 2901 1538 2961 Sacrificium
1579 2906 1766 2958 Missae
1821 2910 2005 2959 debeat

145 2984 198 3039 in
227 3001 300 3041 eo
331 2980 662 3041 conficitur
696 2978 898 3039 Altari
925 3022 942 3049 ,
973 2976 1082 3035 ubi
1116 2979 1383 3053 positum
1422 2985 1515 3033 est
1538 2974 1763 3031 Taber-
1835 2975 1979 3026 Crux

145 3057 424 3118 naculum
455 3102 472 3130 ‚
521 3058 588 3117 in
639 3076 762 3134 quo
808 3054 978 3127 Pyxis
1019 3072 1163 3111 cum
1205 3052 1400 3110 Sacris
1443 3047 1768 3109 -Particulis
1822 3043 2033 3109 quando

145 3137 534 3211 continetur3
575 3154 716 3195 cum
746 3130 1083 3210 praesertim
1124 3128 1323 3187 eidem
1346 3122 1769 3215 'tabernaculo
1792 3109 2068 3227 ἱῖξέἱεῖῗ·

143 3230 326 3285 parva
365 3217 534 3272 Crux
587 3228 730 3269 cum
783 3208 1055 3283 Imagine
1095 3204 1427 3265 salvatoris
1482 3201 1903 3291 Crucifiiu'um
1950 3258 2071 3293 cum

144 3308 378 3365 semper
433 3287 806 3363 praefigatur.
869 3281 1166 3359 Equidem
1223 3277 2067 3358 iu.CaeremonialiSanc3;53,

145 3368 582 3441 Episcoposum
613 3364 742 3422 haec
790 3360 1126 3425 habentur.
1161 3364 1309 3421 Non·
1354 3360 1774 3435 incongruum,
1800 3394 1877 3425 m„
1898 3374 2074 3425 Eucha

147 3442 250 3497 sed
285 3446 542 3499 maxime
577 3438 788 3496 decens
829 3448 950 3513 est,
999 3448 1068 3495 ut
1098 3438 1164 3493 in
1200 3434 1439 3507 Αἰιανί,
1486 3435 1586 3491 ubi
1624 3435 1773 3493 San·
1802 3444 1963 3495 ristia.

1332 3516 1587 3571 M2.
