2400 3996
738 170 1184 241 Boanum.
1250 170 1257 175 ’
1674 172 1795 264 557

161 292 326 355 stat,
377 283 684 363 ipsiusque
735 282 1088 361 Capitulum
1128 327 1143 354 ,
1202 294 1263 343 et
1308 282 1649 350 canonici,
1694 302 1802 343 seu
1858 292 1901 345 A
1932 306 2063 342 nuo

163 364 542 441 quicumque
563 360 664 419 alii
690 367 1126 437 cujuscumque
1150 362 1473 436 Dignitatis
1493 404 1509 433 ,
1539 358 1762 435 gradus
1779 402 1798 431 ‚
1897 359 2041 429 1746-

163 439 569 509 conditionis,
619 447 680 496 et
720 439 1196 513 praeeminentiae
1239 440 1301 496 in
1342 438 1696 514 praemissi8‚
1740 446 1804 497 et

162 518 327 575 eirca
357 534 428 573 ea
450 513 940 589 quomodolibet,
969 524 1030 573 et
1047 534 1116 572 ex
1141 513 1355 590 quavis
1379 534 1557 573 eausa
1574 558 1591 587 ,
1619 514 1801 571 ratio-

159 612 245 649 ‚ne
263 632 281 661 ‚
301 601 366 650 et
381 592 624 649 actione
638 636 654 661 ,
675 588 774 652 vel
788 593 1221 667 ,occasionejus
1237 635 1254 665 ‚
1276 588 1369 649 vel
1388 592 1677 673 interesse
1694 588 1801 649 ha-

161 667 382 727 hentes
402 712 419 741 ,
439 678 546 725 aut
565 665 793 727 habere
813 666 1255 744 praetendentes
1270 664 1387 725 illis
1400 687 1526 726 non
1549 666 1803 725 consen·

161 746 358 805 serint
378 789 394 815 ,
421 753 530 802 aut
547 743 622 803 ad
645 741 708 801 id
727 744 962 816 vocati,
995 743 1389 813 et-auditi‚-et
1406 762 1632 817 causae,
1702 762 1797 802 ro·

159 831 304 897 pter
336 838 491 897 quas
520 819 742 879 eaedem
770 830 1096 896 praesentes
1119 821 1540 880 emanaverint
1561 838 1642 892 ‚a
1688 819 1798 878 du-

161 908 313 962 ctam
359 896 733 967 velificans,
779 907 841 955 et
879 894 1216 973 justificatae
1255 916 1382 955 vnon
1409 896 1674 969 fuerint,
1723 896 1801 955 de

161 973 583 1049 subreptionis
603 972 738 1045 ‚vel
763 972 1138 1049 obreptionis
1156 1017 1173 1045 ‚
1193 981 1303 1033 aut
1330 972 1629 1032 nullitatis
1650 1017 1665 1044 ‚
1692 992 1801 1031 seu

161 1048 566 1111 invaliditatis
601 1050 785 1121 vitio,
829 1068 934 1111 seu
981 1050 1339 1109 intentionis
1379 1061 1635 1123 nostrae‚
1688 1059 1801 1108 aut

161 1132 260 1203 jus
294 1172 312 1197 ‚
363 1123 466 1187 vel
506 1127 795 1185 interesse
853 1125 1214 1185 habentium
1270 1144 1596 1185 consensus
1620 1170 1636 1198 ,
1690 1130 1801 1185 aut

163 1201 446 1281 quolibet
482 1199 602 1261 alio
637 1206 1289 1279 quantumvismagno
1316 1246 1334 1274 ,
1368 1199 1796 1277 substantiali,

167 1280 576 1354 inex'co'gitato
604 1324 622 1353 ,
671 1289 734 1337 et
764 1277 1245 1353 inexcogitabili,
1286 1298 1357 1335 aa
1410 1277 1749 1355 specificam
1776 1323 1794 1351 ,

165 1365 227 1416 et
263 1355 648 1416 individuam
691 1356 1099 1426 mentionem,
1142 1364 1208 1413 et
1236 1356 1673 1431 expressionem
1700 1374 1795 1413 re·

163 1434 463 1510 'quii-ente
502 1432 741 1491 defectu
780 1477 796 1502 ,
852 1434 978 1490 sive
1025 1432 1319 1491 etiamen:
1372 1451 1450 1489 eo
1486 1430 1671 1507 -quod
1726 1430 1796 1488 in

160 1510 485 1585 pra-,missis
510 1550 525 1575 ‚
598 1528 890 1567 eorumve
957 1505 1166 1585 aliquo
1222 1503 1633 1566 solemnitates
1666 1552 1681 1580 ,
1732 1516 1799 1567 et

161 1586 392 1661 quaevis
431 1582 549 1643 alia
587 1584 886 1646 servanda
915 1628 932 1656 ,
973 1594 1036 1643 et
1075 1581 1465 1659 adimplenda
1488 1628 1505 1657 ,
1552 1593 1796 1645 servata

163 1673 228 1721 et
267 1659 599 1737 adimpleta
639 1680 766 1721 non
808 1660 1076 1734 fuerint,
1125 1671 1235 1719 aut
1280 1678 1352 1719 ex
1408 1678 1796 1737 quocumque

163 1737 288 1800 alio
337 1740 536 1814 eapite
576 1758 612 1796 a
659 1744 824 1811 Ἱππ,
865 1735 965 1799 vel
995 1738 1157 1800 facto
1181 1779 1198 1806 ‚
1242 1746 1353 1796 aut
1386 1746 1655 1811 statuto,
1692 1734 1793 1799 vel

161 1814 604 1887 consuetudine
625 1835 660 1873 a
688 1816 828 1891 iqua
852 1812 1190 1873 resultante
1210 1858 1227 1887 ‚
1258 1834 1366 1873 seu
1400 1814 1581 1872 etiam
1614 1834 1791 1872 enor-

163 1892 278 1951 mis
304 1938 323 1966 ,
388 1892 875 1965 enormissimae,
943 1888 1272 1965 totalisque
1329 1887 1587 1949 laesionis
1616 1934 1631 1961 ‚
1684 1899 1794 1949 aut

161 1987 550 2046 quocumque
619 1966 739 2028 alio
799 1965 1002 2026 colore
1042 2011 1056 2038 ‚
1117 1976 1412 2044 praetextu
1443 2012 1459 2042 ‚
1506 1968 1746 2026 ratione
1770 2011 1789 2041 ,
1860 1970 1875 2002 ’-

159 2045 264 2107 vel
300 2065 484 2106 causa
524 2046 710 2106 etiam
741 2045 814 2102 'in
853 2063 1108 2122 corpore
1147 2045 1300 2120 juris
1338 2041 1540 2103 clausa
1560 2089 1576 2116 ‚
1616 2063 1789 2102 occa-

157 2123 362 2196 sione,
405 2118 604 2182 aliave
649 2139 834 2180 causa
865 2165 881 2194 ,
921 2123 1105 2178 etiam
1151 2121 1547 2196 quantumvis
1581 2125 1741 2196 justa
1768 2160 1789 2192 ,

159 2196 516 2260 ration-abili
549 2243 566 2272 ,
617 2190 886 2273 legitima
916 2240 934 2269 ‚
987 2194 1246 2274 juridica
1276 2239 1294 2268 ,
1347 2197 1447 2272 pia
1478 2239 1495 2265 ,
1543 2193 1787 2268 privile-

157 2277 322 2351 giata
363 2276 553 2336 etiam
601 2271 927 2351 talisquae
979 2273 1060 2332 ad
1114 2271 1399 2331 effectum
1454 2269 1789 2330 validitatis
1865 2337 1869 2342 ⁴

154 2353 605 2428 praemissorum
647 2349 982 2410 necessario
1011 2347 1413 2425 exprimenda
1438 2346 1598 2406 foret
1620 2392 1635 2419 ‚
1676 2357 1791 2407 aut

157 2429 327 2506 quod
367 2427 449 2489 de'
474 2425 794 2490 voluntate
829 2436 1066 2500 nostra,
1102 2436 1164 2485 et
1207 2422 1339 2484 aliis
1372 2425 1649 2499 superius
1684 2443 1783 2482 ex-

156 2506 383 2582 pressis
433 2503 657 2564 nullibi
727 2513 1051 2581 appareret
1081 2544 1097 2571 ,
1163 2522 1271 2560 seu
1327 2498 1475 2559 alias
1530 2499 1786 2581 probari

156 2593 360 2658 posset
384 2627 403 2655 ,
447 2583 692 2659 notari,
728 2579 1116 2656 impugnari,
1159 2575 1483 2642 invalida‘ri
1510 2619 1529 2650 ‚
1586 2588 1783 2639 retra-

157 2661 347 2733 ctari,
391 2659 456 2716 in
492 2664 623 2736 jus,
671 2656 769 2718 vel
809 2657 1287 2718 controversiam
1322 2656 1635 2722 revocari,
1670 2665 1784 2716 aut

147 2736 240 2795 ,ad
255 2736 564 2812 terminos
599 2735 754 2812 iuris
781 2735 987 2794 reduei
1012 2779 1029 2809 ,
1057 2731 1156 2793 vel
1191 2734 1480 2796 adversus
1514 2730 1647 2792 illas
1682 2751 1777 2791 re·

157 2813 602 2884 stitutionisin
645 2812 984 2886 integrum,
1015 2812 1367 2886 aperitionis
1398 2811 1556 2878 oris,
1596 2808 1777 2866 redu-

157 2891 380 2949 ctionis
408 2888 487 2946 ad
532 2889 688 2947 viam
722 2933 739 2958 ,
788 2898 850 2946 et
900 2889 1192 2946 terminos
1234 2887 1419 2962 juris,
1464 2894 1575 2942 aut
1606 2882 1781 2943 aliud

158 2966 590 3042 quodcumque
629 2964 816 3044 suris,
858 2964 1001 3023 facti
1021 3005 1038 3034 ‚
1083 2964 1289 3040 gratiae
1319 3005 1334 3032 ,
1384 2959 1482 3018 vel
1529 2961 1777 3036 justitiae

155 3042 495 3102 remedium
539 3041 888 3120 impetrari,
927 3058 1029 3118 seu
1088 3033 1543 3114 quomodolibet
1588 3037 1777 3095 etiam

153 3123 328 3180 Motu
359 3116 578 3192 simili,
607 3136 921 3189 concesso,
939 3125 1066 3175 -aut
1102 3118 1459 3190 impetrato,
1486 3110 1584 3171 vel
1611 3131 1773 3171 ema·

154 3206 304 3255 nato
347 3196 442 3256 uti
474 3238 491 3267 ,
538 3213 646 3254 seu
687 3215 750 3253 se
793 3199 1006 3272 juvare
1044 3192 1106 3251 in
1141 3191 1368 3268 judicio
1401 3233 1418 3262 ,
1460 3187 1559 3249 vel
1602 3200 1775 3251 extra

151 3292 327 3348 posse
351 3313 364 3338 ‚
411 3289 608 3361 neque
647 3267 820 3347 ipsas
845 3265 1202 3347 praesentes,
1238 3277 1299 3328 et
1340 3265 1597 3343 desuper
1630 3285 1776 3326 con-

152 3347 447 3408 ficiendas
480 3345 686 3422 literas
715 3345 1090 3424 Apostolicas
1113 3344 1230 3405 sub
1256 3343 1567 3420 quibusvis
1608 3344 1771 3403 simi·

153 3423 305 3486 lium
321 3463 352 3494 ,·
367 3421 466 3485 vel
490 3419 880 3486 dissimilium·
899 3425 1229 3502 gratiarum
1248 3420 1737 3484 revocationibus
1753 3466 1771 3496 ,

235 3502 406 3562 Dm.
439 3499 563 3562 IV.
1396 3500 1441 3559 P
