2400 3996
774 123 1221 194 Emanium.
1701 128 1825 196 285

189 229 538 292 secretariis
570 250 590 308 ς
621 229 987 312 eosdemque
1009 242 1349 295 statuentes
1382 234 1445 296 in
1474 232 1827 312 hujusmodi
1883 250 2091 309 Anno

190 307 683 386 Congregatione
729 329 897 370 nunc
945 321 1008 370 et
1052 311 1338 389 deinceps
1390 331 1504 389 pro
1548 323 1827 389 tempore
1918 316 2070 386 ¹74⁶·

189 385 394 446 locum
447 385 678 446 habere
707 431 723 460 ,
767 397 830 445 et
875 387 1233 464 suffragium
1276 389 1439 448 ferre
1472 434 1489 462 ,
1550 391 1823 464 quicum-

189 479 306 540 que
353 483 428 522 ea
475 461 709 535 officia,
759 474 822 524 et
865 484 1121 526 munera
1165 464 1453 525 obtinent
1498 466 1625 528 sive
1668 465 1825 526 obti-
1888 483 1893 486 ·

189 537 431 600 nebunt
459 539 526 604 in
566 542 880 616 posterum
899 586 915 612 ‚
945 561 1112 617 quae,
1139 543 1203 602 in
1230 543 1555 618 praecitatis
1588 541 1829 602 Urbani

187 617 646 686 Praedecessoris
665 617 880 676 Literis
897 617 1619 694 designantur.P1-aeterea
1635 639 1824 694 quum
1840 657 1909 708 Ε.
2026 621 2071 708 'd

187 693 440 762 minime
457 691 736 768 expediat
749 693 1098 771 huiusmodi
1115 697 1667 772 congregationem
1680 701 1824 756 Pro·
1848 675 2125 790 pd‘iffl’rg:

189 780 428 829 motore
455 768 675 829 Fiscali
717 791 962 840 carere,
997 774 1281 832 Nos‘eum
1306 819 1323 844 ‚
1354 773 1463 850 qui
1501 773 1564 832 in
1600 771 1823 832 Tribu·
1853 797 2103 842 motorem

189 844 318 905 nali
355 845 634 922 praedicti
667 846 1012 907 Cardinalis
1049 849 1282 912 Vicarii
1315 849 1499 910 Urbis
1542 849 1829 910 Officium
1848 859 2120 911 Fiscalem.

188 925 340 997 gerit
355 924 738 983 Promotoris
762 922 1009 984 Fiscalis
1027 969 1046 1000 ,
1072 931 1325 1003 ejusque
1349 928 1411 986 in
1442 924 1656 986 Officio
1682 929 1825 987 Suc-

189 1018 456 1060 cessores
493 1019 612 1076 pro
645 1011 953 1076 tempore,
995 1001 1072 1061 ad
1111 1002 1275 1062 idem
1308 1003 1541 1062 'munus
1590 1002 1823 1062 obeun-

189 1074 336 1135 dum
377 1075 748 1151 deputamus
777 1079 840 1138 in
873 1079 1125 1154 praefata
1160 1077 1644 1156 congregatione
1664 1121 1678 1148 ,
1724 1081 1825 1139 cui

187 1153 426 1228 ipsum,
465 1173 572 1212 seu
603 1155 780 1230 ‘ipsos
809 1175 949 1214 cum
987 1153 1335 1218 consultivo
1380 1155 1669 1231 suffragio
1720 1177 1825 1216 vo·

187 1225 394 1290 lumus
433 1231 746 1296 interesse.
779 1232 858 1292 At
888 1253 1038 1291 vero
1067 1253 1178 1308 per
1224 1233 1551 1302 cudentes,
1581 1232 1748 1309 quod
1773 1235 1826 1292 si
1884 1234 2127 1312 praescri·

189 1309 602 1382 Congregatio
641 1307 848 1368 isthaec
886 1310 1067 1368 toties
1105 1309 1182 1368 ha
1232 1308 1388 1368 enda
1430 1309 1591 1368 foret
1614 1351 1629 1374 ,
1673 1329 1823 1384 quo·
1850 1303 1927 1380 ¹³,st
1984 1317 2131 1351 occa-

184 1383 301 1442 ties
345 1382 427 1444 ab
467 1381 676 1460 aliquo
709 1385 1004 1460 Episcopo
1045 1382 1355 1444 licentiam
1388 1384 1754 1445 abscedendi
1788 1406 1827 1446 a
1848 1384 2019 1447 '¹⁰9⁶’
2044 1401 2062 1431 ’

187 1458 442 1522 Dioecesi
457 1461 588 1536 peti
612 1463 996 1538 contingeret
1014 1509 1031 1534 ‚
1063 1461 1273 1522 eadem
1296 1471 1407 1521 aut
1428 1473 1681 1538 propter
1706 1463 1823 1522 fre·
1846 1435 2037 1552 3222}
2048 1451 2131 1552 ᾗ

187 1538 508 1611 quantiam
545 1539 726 1596 nimis
769 1559 1025 1599 onerosa
1059 1537 1384 1610 evaderet,
1426 1549 1536 1598 aut
1572 1557 1687 1616 pro
1732 1549 1828 1599 ter
1852 1571 1987 1620 beat.

189 1615 580 1688 negotiorum
618 1613 932 1674 levitatem
975 1627 1177 1674 tractu
1225 1617 1517 1692 temporis
1561 1637 1675 1692 neg
1704 1617 1829 1693 igi,
2012 1617 2017 1622 ’

188 1699 252 1750 et
293 1691 662 1766 parvipendi
687 1702 955 1768 ,possetg
1001 1691 1321 1766 volumus,
1376 1703 1563 1770 atque
1608 1695 1830 1754 statui·

188 1786 360 1838 mus,
399 1767 662 1828 eandem
700 1778 850 1828 tunc
883 1781 1126 1830 tantum
1168 1769 1501 1846 cogendam
1540 1814 1557 1842 ,
1596 1769 1829 1830 haben-

187 1841 458 1920 damque
484 1862 612 1904 esse
635 1887 648 1911 ,
677 1865 868 1921 quum
903 1857 1012 1906 aut
1041 1869 1076 1906 a
1107 1847 1293 1906 Nobis
1315 1889 1329 1911 ‚
1359 1849 1491 1908 sive
1518 1867 1561 1906 a·
1587 1845 1829 1907 Succes-

187 1918 436 1982 sorihus
483 1923 720 1984 Nostris
759 1925 1048 1984 Romanis
1095 1924 1491 1984 Pontificibus
1514 1963 1528 1990 ‚
1566 1921 1834 2003 alicujus

187 2000 426 2075 negotii.
449 2000 716 2075 cognitio
749 2002 859 2076 ipsi
889 2002 1138 2061 remissa
1161 2048 1177 2075 ,
1211 2014 1272 2061 et
1298 2000 1574 2077 delegata
1604 2002 1831 2063 fuerit:

185 2080 315 2135 Aut
352 2120 370 2149 ‚
437 2076 792 2153 hujusmodi
855 2078 1038 2135 etiam
1095 2080 1453 2138 remissione
1513 2090 1787 2139 cessante
1816 2124 1833 2152 ,

188 2152 435 2229 quoties
471 2152 548 2211 de
578 2156 776 2229 poenis
809 2156 1086 2229 superius
1121 2156 1503 2226 constitutis,
1542 2154 1835 2215 adversus
1928 2184 1945 2199 ·

187 2227 462 2306 aliquem
495 2240 1002 2305 transgressorem
1047 2232 1245 2305 reipsa
1294 2230 1697 2290 decernendis
1740 2233 1831 2289 in-

188 2304 590 2382 ssigendisque
621 2306 1092 2367 deliberandum
1125 2308 1349 2383 fuerit;
1382 2303 1682 2383 siquidem
1716 2306 1829 2367 hu·

185 2381 456 2459 jusmodi
491 2404 816 2460 poenarum
853 2383 1105 2452 modus-3,
1145 2394 1337 2459 prout
1370 2388 1663 2459 cujusque
1702 2404 1830 2444 ma-

186 2464 286 2535 ior
311 2504 330 2533 ‚
373 2468 486 2519 aut
523 2462 728 2520 minor
751 2460 1138 2519 contumacia
1173 2462 1471 2537 exegerit,
1511 2459 1591 2517 ab
1620 2459 1835 2521 eadem

189 2540 436 2611 Congre
477 2537 681 2597 atione
732 2536 1096 2597 statuendus
1147 2540 1269 2597 erit
1302 2583 1319 2611 ‚
1374 2548 1444 2597 ut
1500 2536 1659 2598 facta
1720 2546 1833 2613 per

191 2612 386 2689 ipsius
484 2614 852 2675 ecretarium
901 2612 1088 2673 Nobis
1131 2658 1148 2685 ‚
1206 2634 1313 2674 seu
1370 2612 1835 2675 successoribus

188 2689 430 2749 Nostris
465 2686 798 2763 relatione,
833 2690 1295 2767 approbataque
1330 2692 1837 2767 Congregationis

188 2764 572 2826 resolutione
597 2812 616 2839 ‚
657 2767 736 2827 ad
777 2766 1128 2844 hujusmodi
1164 2788 1487 2845 poenarum
1530 2769 1831 2831 executio-

188 2860 334 2901 nem
359 2863 506 2903 cum
530 2842 750 2903 effectu
767 2844 1139 2919 procedatur
1161 2865 1180 2920 3
1214 2854 1325 2905 aut
1348 2844 1615 2920 denique
1639 2863 1835 2919 quum

190 2916 415 2994 aliquis
443 2921 774 2997 Episcopus
800 2921 1156 2980 instantiam
1182 2930 1489 2994 proponat
1516 2918 1835 2981 abessendi

191 3012 224 3059 a
308 2997 517 3073 ropria
549 2998 802 3057 Dioecesi
834 2996 1073 3054 ratione
1103 2994 1359 3071 alicujus
1382 2996 1685 3063 muneris,
1706 2995 1837 3056 sive

191 3088 226 3129 o
297 3073 414 3145 cii,
447 3078 620 3133 cu‘us
650 3095 718 3134 ea
745 3074 992 3133 dicatur
1021 3081 1243 3131 natura
1276 3091 1437 3143 esse,
1474 3080 1547 3129 ut
1578 3072 1831 3145 Aposto-

189 3143 380 3207 licum
417 3151 492 3209 In
547 3148 744 3211 ultum
795 3148 873 3207 de
920 3168 1043 3207 non
1085 3146 1409 3205 residendo
1460 3145 1539 3205 ad
1578 3143 1831 3221 longum

189 3232 434 3301 tempus
478 3225 590 3303 ipsi
627 3229 706 3286 sit
751 3224 1247 3299 concedendum3
1288 3226 1426 3284 Nos
1443 3223 1669 3281 etenim
1712 3222 1826 3281 hu-

195 3301 459 3361 ‘usmodi
513 3300 766 3363 Indulta
815 3301 1048 3359 nemini
1077 3321 1379 3377 unquam
1418 3298 1671 3359 concedi
1716 3298 1834 3360 dte-⁶·

189 3319 340 3459 ,Lete
361 3378 752 3443 decernimus
773 3423 790 3453 ‚
817 3378 928 3441 nisi
949 3379 1526 3455 ,praeviocausarum
1556 3377 1833 3445 examine
