2400 3996
614 167 733 237 142
823 151 826 154 ’
1099 165 1491 232 Bmuzmcn
1532 161 1712 232 XIV.

2388 195 2389 222 ἰ

312 291 356 347 P
378 307 419 346 o
437 303 475 344 n
496 301 554 344 τ.
1807 323 1812 328 -

352 359 428 414 Αι
448 355 554 412 VJ,
616 355 2261 403 mmmmmmpmmmmmmmmmmmmmmmmmm
2388 383 2389 404 χ

404 534 500 618 211.
616 537 645 566 ··
724 535 731 545 ·
906 459 913 466 ’
1102 461 1762 575 CANONIZATIO

408 670 413 678 ’
618 669 872 748 ΒΕΑΤῙ
928 666 1265 735 mes
1319 671 1376 734 A
1433 661 1978 734 sffiMAfflNGA
2041 666 2268 731 sacer-

704 756 867 838 dotis
934 755 1211 831 Professi
1267 755 1522 820 Ordinis
1591 753 1876 817 Fratrum
1940 752 2268 816 Minoi-um

703 839 911 905 Sancti
953 839 1264 940 Francisci
1298 841 1835 941 {lappuccinorttm
1869 851 2272 938 nuncupato-

705 947 845 990 rum
864 924 1141 990 Praefeen
1166 923 1474 995 Musstonls
1493 921 1864 1013 Apostollcae
1892 944 1956 986 m
1977 919 2228 986 Rhaeua
2251 970 2270 1002 ‚

708 1025 771 1076 et
798 1009 991 1074 Sacrae
1020 1009 1530 1097 Congregationis
1562 1009 1638 1076 de
1677 1005 2078 1096 propaganda
2111 1005 2276 1072 Fide

708 1093 1245 1184 Proto-Martyris.
1551 1103 1558 1110 ’

773 1273 1471 1392 BENEDICTUS
1531 1271 2120 1374 EPISCOPUS
2175 1285 2184 1298 '

890 1445 895 1450 ’
1005 1463 1286 1534 Smwus
1321 1459 1914 1528 'SERvoRuM-DET

946 1625 1061 1686 Ad
1086 1592 1444 1704 perpetuane
1483 1625 1566 1682 rei
1603 1627 1966 1697 memoriam.
2265 1671 2272 1678 .
2388 1623 2389 1676 1

341 1848 392 1898 d·
418 1779 585 1832 Exor·
640 1727 899 1858 Vina
930 1795 1125 1858 electa
1146 1843 1163 1872 ,
1186 1817 1375 1874 quam
1398 1797 1704 1875 plantavit
1731 1797 1978 1858 dextera
2004 1797 2284 1867 Domini,

376 1863 509 1899 ¹⁰⁰¹·
642 1882 819 1954 cuius
860 1876 1043 1934 unica
1078 1877 1220 1934 vitis
1252 1875 1572 1943 Christus,
1608 1885 1706 1935 tot
1731 1885 1936 1934 autem
1970 1871 2284 1950 palmites,
2388 1915 2389 1928 2

646 1961 956 2031 quotquot
972 1953 1035 2011 in
1054 1952 1306 2014 Christo
1320 1951 1578 2013 radi-cati
1593 1949 1829 2012 Fideles
1846 1950 2130 2011 interiori
2145 1970 2286 2027 gau·

647 2032 800 2091 dent
818 2030 1001 2105 ipsius
1028 2030 1286 2091 vivificas
1311 2030 1670 2089 nutritionis
1696 2026 1910 2105 illapsu
1928 2072 1946 2100 ,
1963 2029 2290 2107 providam

648 2108 815 2167 circa
852 2125 916 2165 se
969 2104 1247 2166 Coelestis
1289 2104 1584 2181 Agricolae
1619 2126 1866 2179 curam,
1905 2111 1972 2163 ct
1997 2100 2285 2163 sollicita·

650 2184 860 2244 dinem
884 2182 949 2241 in
984 2201 1055 2241 eo
1090 2183 1476 2259 potissimum
1515 2182 1858 2259 experitur,
1883 2178 2050 2257 quod
2082 2198 2292 2240 omnes

652 2259 941 2338 palmites
967 2258 1094 2317 bon
1131 2258 1400 2319 ferentes
1433 2258 1704 2317 fructum
1725 2303 1742 2329 ,
1773 2264 1939 2335 iusto
1971 2256 2183 2333 iudicii
2211 2258 2286 2315 ri·

654 2356 801 2413 gore
844 2335 1111 2407 succidi,
1164 2345 1228 2394 et
1267 2332 1444 2410 101153
1497 2334 1846 2395 fructiferos
1878 2330 2030 2395 v‘ero
2051 2374 2066 2401 ‚
2110 2344 2290 2409 atque

654 2414 921 2485 feraces,
970 2422 1041 2471 ut
1090 2412 1364 2471 fructum
1413 2407 1554 2487 plus
1589 2410 1890 2481 afferant,
1937 2406 2172 2469 salubri
2225 2430 2290 2467 ac

655 2490 757 2565 pia
777 2488 1103 2549 severitate
1125 2488 1374 2563 purgari
1395 2531 1412 2557 ‚
1430 2508 1596 2547 nunc
1617 2486 1864 2564 quidem
1895 2483 2134 2545 occulte
2159 2505 2287 2561 per·

658 2565 887 2634 sentit,
932 2582 1097 2621 nunc
1138 2573 1346 2621 autem
1393 2565 1701 2638 apertius,
1737 2574 1924 2638 atque
1955 2561 2292 2623 evidentius

658 2639 956 2715 agnoscit.
1000 2644 1173 2697 Hanc
1224 2658 1371 2698 sane
1412 2638 1770 2715 aequabilem
1821 2638 2058 2697 Divinae
2116 2637 2292 2697 simul

537 2723 543 2728 ’
658 2716 906 2793 iustitiae
947 2714 1366 2791 bonitatisque
1411 2717 1715 2775 rationem
1753 2714 2075 2774 manifeste
2115 2734 2290 2789 agno-

660 2792 885 2851 scimus
922 2791 985 2850 in
1028 2787 1322 2867 praeclaro
1362 2794 1532 2852 Beati
1573 2792 1858 2866 Martyris
1895 2788 2120 2849 Fidelis
2169 2811 2289 2849 cer·

660 2869 941 2943 tamine3
986 2868 1053 2925 in
1086 2886 1211 2943 quo
1245 2877 1308 2926 et
1341 2866 1713 2927 detestantes
1759 2868 2058 2927 miramur
2087 2886 2293 2926 eorum

662 2944 961 3004 duritiam
1004 2944 1244 3016 cordis,
1279 2942 1778 3020 obcoecatamque
1815 2944 2108 3003 saevitiam
2133 2980 2156 3009 ,
2193 2943 2295 3018 qui

663 3040 699 3079 a
744 3017 952 3091 felici,
1010 3038 1135 3095 qua
1269 3019 1634 3092 rtabantur,
1670 3019 1911 3093 radice,
1961 3038 2072 3077 sua
2123 3020 2294 3094 culpa

665 3094 854 3157 semel
886 3096 1068 3155 excisi
1094 3136 1113 3165 ‚
1152 3115 1189 3154 o
1238 3093 1425 3155 latam
1452 3096 1568 3155 sibi
1599 3116 1636 3155 a
1667 3098 1932 3155 Domino
1964 3112 2170 3170 pacem
2197 3138 2212 3160 ,
2239 3104 2298 3151 et

666 3174 927 3249 gratiam
968 3170 1374 3246 pervicaciter
1402 3171 1768 3248 repulerunt
1787 3214 1801 3242 ,
1835 3169 2128 3245 Angelum
2155 3190 2296 3231 vero

667 3250 836 3325 pacis
854 3293 871 3321 ,
898 3244 1415 3321 evangelizantem
1437 3248 1555 3309 sibi
1591 3247 1754 3307 bona
1779 3291 1792 3313 ‚
1821 3246 2297 3323 apprehensum,

670 3336 737 3383 et
779 3344 996 3384 caesum
1034 3323 1436 3401 occiderunt;
1468 3336 1532 3384 et
1575 3323 1740 3383 illius
1769 3323 2088 3400 triumpho
2132 3322 2293 3401 plau·

670 3399 889 3493 dentes
942 3396 1326 3475 gratulamur
1364 3442 1382 3475 ,
1433 3402 1540 3476 qui
1593 3402 1656 3461 in
1718 3400 1875 3475 Dei,
1928 3410 1991 3460 et
2037 3398 2296 3462 Ecclesiae
