2400 3996
796 167 1240 237 nummum.
1711 160 1835 241 ³:355

214 282 386 353 rint,
428 298 538 341 nec
588 278 707 340 illis
753 281 1208 355 consenserint,
1253 290 1362 340 aut
1409 300 1478 342 ex
1531 282 1646 343 alia
1689 304 1834 359 qua·
1892 296 2102 354 Anno

216 378 481 437 numque
510 378 719 431 causa,
762 359 1107 429 occasione,
1138 366 1466 435 praetextu,
1505 370 1566 419 et
1607 363 1836 438 capite,
1930 362 2077 431 1746.

212 436 401 495 etiam
443 436 506 495 in
560 452 815 511 corpore
855 437 1005 513 juris
1050 433 1294 503 clauso,
1347 434 1516 495 nullo
1564 458 1834 513 unquam

214 521 494 587 ,tempore
529 510 606 572 de
636 510 1081 587 subreptionis,
1125 510 1228 573 vel
1269 510 1643 589 obreptionis
1671 560 1686 585 ‚
1729 526 1839 575 aut

214 586 517 649 nullitatis
555 590 741 662 vitio,
772 608 875 648 seu
902 590 1260 647 intentionis
1289 592 1558 660 Nostrae,
1601 601 1708 649 aut
1743 595 1834 650 in·

214 674 437 726 teresse
472 664 833 725 habentium
872 684 1232 737 consensus,
1281 663 1478 726 aliove
1524 666 1834 744 quolibet,

214 742 399 803 etiam
442 738 861 815 substantiali,
890 753 959 801 et
983 741 1362 806 individuam
1397 745 1836 821 expressionem

212 822 567 897 requirente
609 820 848 881 defectu
893 820 1131 892 notari,
1175 820 1566 895 impugnari,
1626 820 1833 883 redar-

214 898 351 973 gui,
388 896 683 969 rescindi,
726 896 1011 973 infringi,
1051 898 1370 956 retractari
1393 940 1412 967 ‚
1455 908 1562 957 aut
1601 896 1678 958 ad
1711 909 1832 959 ter-

212 973 413 1033 minos
454 974 603 1053 juris
644 972 887 1044 reduci,
917 994 1019 1033 seu
1060 972 1348 1049 adversus
1383 972 1516 1034 illas
1551 975 1830 1051 aperitio-

212 1050 308 1109 nis
327 1051 451 1109 oris
466 1095 483 1124 ‚
501 1050 911 1114 restitutionis
930 1052 998 1109 in
1016 1051 1321 1126 integrum
1338 1098 1355 1126 ‚
1377 1048 1620 1111 aliudve
1639 1051 1830 1127 quod·

210 1144 473 1205 cumque
508 1129 687 1206 iuris,
746 1128 927 1197 sacti,
968 1124 1069 1187 vel
1106 1128 1316 1203 gratiae
1360 1127 1692 1208 remedium
1739 1130 1833 1187 in-

210 1205 467 1273 tentari,
500 1202 597 1263 vel
630 1204 977 1280 impetrari,
1004 1213 1111 1263 aut
1133 1204 1459 1279 impetrato
1479 1250 1496 1277 ‚
1528 1203 1625 1263 vel
1648 1206 1828 1264 etiam

208 1291 417 1355 motu,
443 1282 701 1341 scientia
724 1326 742 1354 ,
782 1289 845 1340 et
882 1282 1198 1358 potestatis
1237 1278 1616 1357 plenitudine
1664 1282 1830 1357 pari-

208 1354 325 1422 bus
370 1376 685 1431 concesso,
720 1358 1067 1435 quempiam
1106 1358 1169 1416 in
1213 1357 1474 1433 judicie,
1521 1356 1620 1418 vel
1661 1368 1832 1417 extra

206 1431 365 1494 illud
398 1435 489 1494 uti
514 1480 531 1507 ‚
572 1455 677 1495 seu
714 1455 777 1495 se
812 1440 1029 1513 juvare
1066 1452 1243 1511 posse
1283 1454 1302 1493 ε
1344 1434 1448 1494 sed
1485 1434 1640 1511 ipsas
1676 1454 1828 1511 prae-

207 1521 407 1573 sentes
440 1512 669 1572 Literas
710 1528 945 1589 semper
980 1521 1043 1571 et
1080 1518 1380 1588 perpetuo
1411 1510 1616 1572 firmas
1636 1552 1651 1579 ‚
1682 1508 1830 1570 vali«
1933 1556 1936 1561 .

207 1585 318 1647 das
336 1629 353 1653 ,
382 1599 444 1648 et
472 1588 736 1649 efficaces
754 1590 1023 1649 ‘existere
1053 1595 1114 1648 et
1140 1588 1302 1658 fore,
1328 1608 1586 1667 suosque
1620 1584 1823 1663 plena-

208 1665 370 1737 rios,
414 1675 476 1725 et
512 1667 778 1742 integros
822 1664 1073 1726 effectus
1116 1664 1358 1738 sortiri,
1401 1674 1462 1725 et
1509 1664 1826 1739 obtinere,

206 1759 283 1800 ac
315 1738 469 1814 illis,
506 1742 585 1802 ad
624 1762 775 1820 quos
816 1752 1085 1819 spectat,
1128 1752 1192 1802 et
1225 1760 1339 1818 pro
1363 1750 1638 1819 tempore
1677 1759 1829 1817 quo·

206 1815 544 1878 modolibet
574 1818 903 1895 spectabit,
941 1817 1290 1896 plenissime
1320 1816 1674 1893 suffragari3
1712 1819 1832 1877 sic-

294 1912 327 1952 e
368 1894 432 1954 in
488 1892 806 1969 praemissis
862 1896 1133 1967 censeri,
1183 1904 1370 1971 atque
1419 1894 1540 1966 ita,
1585 1904 1648 1953 et
1698 1912 1828 1953 non

206 1912 385 2030 {iliter
431 1988 543 2047 per
584 1988 999 2046 quoscumque
1041 1967 1280 2029 sudines
1323 1968 1680 2030 Ordinarios
1705 2011 1720 2039 ,
1766 1980 1830 2030 et

207 2043 549 2122 delegatos;
614 2047 795 2106 etiam
849 2064 1166 2106 causarum
1225 2043 1440 2104 Palatii
1494 2041 1830 2121 Apostolici

206 2123 565 2194 Auditores,
597 2143 667 2182 ac
707 2127 765 2182 S.
792 2125 868 2181 R.
900 2125 971 2180 E.
1004 2118 1386 2188 cardinales,
1419 2120 1602 2180 etiam
1637 2121 1713 2180 de
1737 2118 1825 2180 la-

208 2207 337 2259 tere
370 2203 619 2275 Legatos
639 2245 656 2272 ,
694 2210 757 2260 et
794 2195 943 2258 alios
975 2195 1282 2274 quoslibet
1317 2197 1536 2273 quavis
1559 2198 1826 2256 auctori-

205 2283 371 2350 tate,
410 2285 475 2336 et
506 2285 805 2352 potestate
826 2273 1180 2349 fungentes,
1208 2283 1271 2333 et
1293 2273 1649 2348 suncturos3
1682 2273 1822 2332 sub-

206 2347 329 2411 lata
356 2353 440 2413 eis
457 2362 519 2412 et
537 2372 749 2412 eorum
770 2349 1021 2410 cuilibet
1044 2349 1258 2428 quavis
1275 2347 1454 2409 aliter
1477 2348 1788 2426 judicandi
1805 2393 1830 2423 ,

206 2437 269 2487 et
300 2428 743 2506 interpretandi
774 2425 1099 2502 facultate,
1120 2435 1195 2486 .et
1227 2425 1626 2500 auctoritate,
1663 2424 1824 2502 iudi-

206 2505 366 2578 eari‚
400 2517 463 2566 et
494 2504 736 2564 definiri
780 2503 1036 2576 debere,
1068 2524 1141 2563 ac
1174 2503 1420 2562 irritum
1453 2512 1515 2562 et
1539 2505 1742 2568 inane,
1773 2504 1826 2562 si

204 2600 374 2642 secus
412 2601 595 2658 super
622 2580 715 2640 his
750 2601 786 2639 a
817 2599 1124 2657 quoquam
1168 2580 1383 2656 quavis
1407 2579 1825 2654 Auctoritate‚

206 2657 463 2719 scienter
498 2655 598 2718 vel
636 2658 987 2733 ignoranter
1022 2657 1344 2734 eontigerit
1390 2657 1703 2717 attentari.

278 2737 411 2794 Non
472 2732 858 2795 obstantibus
906 2735 1182 2811 superius
1231 2731 1440 2794 relatis
1478 2735 1822 2795 Innocentii
1844 2733 2120 2813 Demgatio

206 2809 655 2872 praedecessoris
673 2810 946 2888 praedicti
967 2812 1213 2883 Literis‚
1245 2829 1358 2870 nec
1383 2829 1509 2869 non
1539 2807 1825 2870 omnibus
1842 2807 2114 2853 0⁰¹²tf⁸f¹¹³

207 2895 270 2945 et
314 2886 561 2964 singulis
592 2886 711 2948 illis
730 2933 746 2959 ‚
786 2907 919 2965 quae
952 2895 1320 2947 memoratus
1349 2881 1692 2944 Alexander
1723 2887 1818 2943 iti-

204 2961 345 3022 dem
376 2964 771 3025 Praedecessor
802 2968 1015 3025 Noster
1055 2963 1339 3038 praefatus
1369 2961 1430 3018 in
1460 2961 1582 3019 suis
1605 2961 1824 3022 Literis

206 3037 509 3115 praedictis
528 3041 723 3102 voluit
752 3059 877 3100 non
897 3038 1141 3100 obstare
1158 3082 1177 3112 ‚
1203 3037 1552 3113 caeterisque
1577 3047 1818 3098 contra·

206 3116 312 3176 riis
340 3114 843 3194 quibuscumque.
1257 3105 1294 3140 ⁴
1977 3170 1987 3180 .

279 3191 579 3258 Volumus
624 3204 867 3267 autem,
919 3200 992 3251 ut
1030 3185 1383 3252 earumdem
1432 3188 1820 3266 praesentium
1875 3251 1902 3288 r
1925 3169 2080 3288 {2:¹2⁸

204 3269 545 3332 Literarum
609 3269 1003 3344 transumptis
1024 3309 1039 3337 ,
1095 3287 1199 3330 seu
1257 3263 1572 3343 exemplis,
1635 3267 1819 3326 etiam
1839 3252 1940 3354 3⁸⁸
1978 3269 2116 3354 tm}

208 3345 547 3423 impressis,
594 3367 779 3406 manu
839 3346 1093 3422 alicujus
1134 3343 1370 3405 Notarii
1416 3341 1680 3418 publici,
1722 3341 1820 3406 vel
1839 3361 2072 3437 sumptis.

206 3423 518 3484 Secretarii
546 3421 720 3484 dictae
766 3423 1075 3484 Societatis
1106 3419 1488 3498 subscriptis,
1528 3431 1590 3481 et
1615 3419 1820 3498 sigillo
