2400 3996
624 266 629 271 ¹
702 185 1147 253 BuLLARwM.
1605 188 1730 279 539

102 290 459 370 salibusque
508 292 799 355 Conciliis
824 338 841 365 ‚
884 286 1248 371 specialibus
1279 336 1296 365 ‚
1339 294 1439 357 vel
1481 316 1728 373 genera-

102 367 267 429 libus
303 370 894 441 ConstitutionibuS‚
936 382 997 431 et
1030 371 1536 441 ordinationibus
1566 380 1726 452 Apo·

99 445 334 505 stolicis
364 490 383 518 ,
430 445 727 524 dictaeque
784 446 1057 519 Ecclesiae
1112 447 1410 509 Fluminis
1456 454 1732 514 sanum-ii

102 524 293 583 etiam
338 528 687 600 juramento
738 523 1041 584 roboratis
1080 529 1358 600 statutis,
1401 544 1470 586 ac
1511 526 1732 589 funda-

1785 310 1992 368 Auno

1824 376 1968 445 1746.

103 600 305 672 tione,
332 602 669 672 erectione,
695 610 757 661 et
790 602 1206 674 institutione,
1231 599 1448 678 privile
1489 604 1556 663 iis
1579 626 1729 683 quo·
1823 621 1833 625 ’
1899 625 1910 629 ’

146 696 263 748 ue,
296 664 585 750 indultis,
620 687 682 738 et
708 678 952 738 Litteris
991 682 1033 737 A
1082 677 1346 739 ostolicis
1389 682 1441 740 ei
1488 701 1584 743 em
1618 688 1728 743 Ec·

101 774 133 813 c
158 754 297 814 esiae
343 752 645 815 Fluminis
670 755 946 815 Ja'nuarii
966 798 989 828 ,
1026 756 1044 814 i
1070 754 1306 833 litusque
1335 756 1578 819 Praesuli
1614 780 1728 838 pro

101 840 381 907 tempore
422 832 737 905 existenti,
776 828 1097 923 capitulo,
1136 843 1199 892 et
1239 836 1564 899 Canonicis
1593 880 1612 909 ,
1658 857 1730 897 ac

101 906 421 985 quibusvis
459 905 593 968 aliis
642 927 913 985 personis
950 908 1065 971 sub
1110 908 1596 989 quibuscumque
1639 924 1725 975 te·

102 983 403 1057 noribuS,
452 995 515 1044 et
557 984 929 1058 formi8„ac
979 1004 1121 1045 cum
1217 987 1489 1049 uibusvis
1544 991 1730 1050 etiam

101 1060 627 1137 derogatoriarum
667 1061 1096 1139 derogatoriis‚
1141 1084 1177 1121 a
1207 1065 1284 1126 iis
1323 1084 1398 1125 ue
1437 1064 1724 1127 efficacio-

101 1137 273 1199 ribus
300 1182 317 1206 ,
356 1136 781 1207 ’efficacissimis
806 1183 825 1210 ,
859 1150 923 1199 et
962 1136 1228 1200 insolitis
1247 1160 1304 1201 -c
1329 1140 1555 1203 ansulis
1582 1186 1600 1216 ,
1647 1145 1730 1204 ir·

103 1214 555 1293 ritantibusque
576 1256 595 1290 ‚
644 1226 708 1275 et
744 1213 877 1276 aliis
920 1215 1178 1276 decretis
1228 1217 1290 1277 in
1335 1237 1592 1294 genere,
1633 1219 1730 1281 vel

104 1293 163 1351 in
202 1293 405 1369 specie
436 1294 623 1353 etiam
648 1298 819 1353 Motu
850 1290 1073 1361 simili,
1112 1312 1183 1355 ac
1221 1294 1404 1354 etiam
1435 1296 1728 1357 consisto·

103 1366 339 1429 rialiter
360 1414 379 1441 ,
421 1367 517 1429 vel
552 1368 703 1431 alias
744 1370 812 1429 in
854 1369 1240 1432 contrarium
1281 1373 1732 1447 praemissorum

98 1444 563 1521 quomodolibet
610 1446 946 1521 concessis,
994 1446 1372 1507 confirmatis
1395 1493 1414 1521 ,
1455 1458 1518 1509 et
1551 1450 1728 1513 inno·-
1811 1510 1818 1517 .

104 1523 310 1583 vatis:
362 1522 595 1598 Quibus
658 1523 945 1584 omnibus
978 1566 997 1595 ,
1046 1532 1109 1583 et
1162 1522 1451 1600 singuliS,
1495 1505 1734 1587 etiamsiv

100 1618 211 1674 pro
252 1599 574 1661 sufficienti
600 1596 850 1662 illorum
891 1600 1284 1675 derogatione
1329 1600 1406 1661 de
1435 1600 1552 1661 illis
1575 1649 1594 1678 ,
1625 1619 1725 1665 eo·

101 1696 363 1753 rumque
395 1678 542 1736 totis
582 1677 899 1739 tenoribus
934 1674 1242 1753 specialis,
1277 1678 1586 1755 specifica,
1630 1700 1727 1741 ex·
1761 1749 1766 1754 ,

101 1772 338 1828 pressa,
383 1764 444 1813 et
480 1752 803 1816 individua
845 1755 1077 1815 mentio
1109 1754 1420 1827 facienda,
1461 1756 1728 1827 autali-

98 1850 221 1907 qua
252 1829 372 1891 alia
402 1832 697 1909 exquisita
727 1832 925 1899 forma
954 1829 1035 1891 ad
1064 1830 1181 1893 hoc
1206 1832 1506 1895 servanda
1531 1834 1726 1909 foret,

103 1927 315 1969 eorum
354 1916 597 1971 tenores
636 1907 861 1969 eisdem
900 1907 1332 1985 praesentibus,
1362 1909 1617 1987 perinde
1657 1932 1728 1977 ac

101 1986 149 2044 si
179 1984 257 2046 de
288 1984 481 2048 verbo
517 1984 595 2046 ad
636 1985 929 2060 verbum,
963 1984 1118 2046 nihil
1160 1987 1406 2064 penitus
1463 1989 1680 2050 omisso
1706 2035 1726 2062 ,

102 2061 197 2122 hic
253 2064 468 2124 inserti
503 2062 710 2123 forent
735 2108 753 2134 ,
795 2082 909 2140 pro
962 2060 1143 2139 plene
1170 2107 1187 2136 ,
1247 2074 1308 2122 et
1357 2063 1728 2126 sufficienter

100 2141 391 2274 expressis
412 2185 428 2214 ,
468 2149 533 2199 et
564 2141 805 2200 insertis
835 2137 1165 2211 habentes,
1198 2136 1318 2200 illis
1357 2139 1504 2200 alias
1529 2143 1592 2201 in
1615 2161 1728 2202 suo
1834 2187 1854 2196 -

102 2237 167 2275 ro

214 2235 322 2276 ore
358 2217 771 2294 permansuris
795 2259 811 2288 ,
853 2213 929 2277 ad
966 2215 1412 2292 praemissorum
1451 2217 1730 2278 omnium

102 2291 543 2354 validissimum
579 2291 862 2355 effectum
896 2292 1012 2352 hac
1048 2293 1179 2354 vice
1231 2290 1589 2368 dumtaxat,
1641 2291 1728 2354 la-

0 2387 6 2420 =
100 2370 339 2438 tissime,
368 2380 432 2432 et
477 2369 823 2448 plenissime
848 2415 866 2442 ,
905 2385 979 2430 ac·
1014 2367 1412 2440 sufficienter,
1451 2389 1560 2430 nec
1599 2390 1728 2436 non

98 2444 439 2523 specialiter
456 2493 473 2522 ,
512 2457 576 2508 et
613 2466 885 2525 expresse
917 2457 1089 2507 motu
1114 2443 1298 2512 simili
1333 2445 1690 2524 derogamus
1707 2491 1727 2520 ,

100 2527 451 2603 caeterisque
480 2525 802 2586 contrariis
836 2521 1528 2602 quibuscumque,—cum
1559 2523 1723 2588 clau-

0 2653 2 2666 .
102 2599 241 2662 sulis
281 2602 663 2682 opportunis.

485 2780 642 2854 Fiat
695 2781 891 2853 Motu
946 2778 1232 2878 proprio
1267 2779 1346 2849 P.

106 2902 263 3034 ET
304 2974 381 3035 de
414 2973 749 3044 divisione,
779 2973 1218 3052 assignatione,
1261 2971 1599 3044 erectione,
1633 2972 1724 3032 in-

101 3053 420 3112 stitutione
447 3096 463 3126 ,
526 3049 900 3128 subjectione
932 3095 949 3126 ‚
1009 3045 1414 3125 applicatione
1440 3091 1457 3121 ,
1507 3068 1724 3126 appro-

100 3128 441 3204 priatione,
489 3129 933 3199 reservatione,
976 3124 1398 3196 concessione,
1446 3122 1726 3198 decreto,

104 3207 521 3282 exemptione,
565 3200 961 3275 liberatione,
1008 3200 1398 3278 derogatione
1423 3245 1440 3274 ,
1475 3200 1728 3279 aliisque

0 3350 1 3355 1
100 3284 420 3358 praemissis
456 3326 473 3352 ,
516 3290 588 3339 ut
626 3299 844 3358 supra,
884 3282 948 3340 in
980 3277 1171 3340 literis
1195 3277 1485 3339 latissime
1521 3289 1723 3340 exten·

102 3359 321 3418 dendis
344 3404 362 3433 ,
406 3368 469 3417 et
502 3355 667 3434 quod
744 3359 1147 3418 raemissorum
1174 3357 1450 3416 omnium
1479 3401 1495 3428 ,
1522 3367 1583 3416 et
1605 3358 1723 3417 sin-

103 3436 385 3511 gulorum
414 3481 429 3508 ,
473 3435 657 3494 etiam
739 3435 1262 3496 enominationum
1283 3432 1686 3569 ,Pqualitatum
1711 3483 1730 3512 ,

634 3557 646 3566 .
1377 3527 1412 3567 a
