2400 3996
744 141 1193 212 Romamn.
1671 148 1792 238 195

156 255 282 330 nie,
333 253 401 312 in
447 251 701 314 sinistra
755 251 1112 316 lumborum
1168 253 1418 332 regione
1463 251 1793 330 obortum,
1851 269 2062 328 Anno

156 332 285 394 etun
328 331 758 406 integumenta
804 332 1012 402 omnia
1039 377 1057 407 ,
1094 329 1322 410 quibus
1375 351 1552 393 renes
1594 334 1792 394 conti·
1883 339 2028 406 1746.

148 407 461 476 nebautur
485 449 503 478 ,
542 417 605 466 et
634 405 787 468 duas
829 428 1077 487 quoque
1108 417 1308 470 costas
1351 405 1618 484 maligna
1659 430 1792 470 cor·

160 486 439 563 ruptione
454 483 845 563 depascendo
858 485 1297 564 absumpsisset
1315 529 1334 556 ,
1352 491 1676 546 contracto
1689 487 1794 546 de-

161 583 321 622 mum
353 559 514 621 callo
533 606 551 634 ‚
576 572 645 622 et
684 563 1087 624 acerbissimis
1118 561 1442 624 doloribus
1472 583 1612 622 cum
1638 562 1797 624 febri

163 637 617 710 accedentibus,
650 644 775 717 jam
799 661 993 718 prope
1013 651 1182 715 era-t,
1207 649 1278 700 ut
1305 641 1322 698 i
1369 660 1496 700 sam
1525 639 1799 700 Mulieris

156 718 343 782 ‚vitam
382 715 765 792 praecideret.
804 723 966 780 Cum
1019 728 1228 778 tamen
1281 713 1384 778 ila
1437 716 1512 777 ad
1570 720 1800 778 ΒΕΑΤΙ

166 791 544 870 sepulchrum
571 791 794 854 adduci
836 815 901 856 se
924 793 1328 870 postulasset,
1365 794 1575 871 ibique
1613 795 1799 870 ipsius

156 891 331 947 ,opem
374 871 545 948 apud
597 875 791 930 Deum
842 892 983 932 cum
1027 869 1317 946 lacrymis
1371 869 1795 947 implorasset,
1877 931 1884 938 .

170 949 275 1008 iter
312 949 580 1024 ingressa
611 992 629 1022 ‚
664 957 739 1007 ut
766 946 1018 1008 domum
1068 949 1338 1022 rediret,
1371 951 1560 1008 sensit
1607 966 1672 1008 se
1703 968 1795 1008 re·

171 1034 338 1100 pente
368 1033 681 1099 sanatam,
724 1035 911 1102 atque
938 1023 1159 1088 ulceris
1196 1024 1402 1086 locum
1433 1026 1759 1102 inspiciens
1778 1069 1796 1098 ,

166 1100 391 1166 ‚invenit
435 1099 871 1178 amplissimam
914 1101 1181 1164 fistulam
1232 1100 1526 1162 coaluisse
1549 1147 1566 1176 ,
1611 1112 1672 1161 et
1711 1106 1800 1160 ci·

174 1183 377 1238 catrice
440 1179 695 1252 inducta
722 1223 741 1251 ‚
778 1177 981 1240 nullas
1035 1178 1187 1242 alias
1247 1177 1449 1240 morbi
1509 1177 1798 1255 reliquias

176 1261 279 1332 jam
314 1275 625 1332 superesse
661 1276 679 1314 ε
710 1258 872 1331 Quin
908 1259 1091 1317 etiam
1133 1258 1332 1316 auctis
1371 1255 1488 1315 sibi
1523 1257 1798 1331 corporis

180 1333 391 1393 vir-ibus
426 1378 443 1407 ‚
486 1334 723 1409 optima
762 1334 1052 1412 deinceps
1096 1353 1210 1394 usa
1255 1343 1348 1393 est
1397 1330 1749 1393 valetudine
1777 1379 1794 1406 ,

180 1407 306 1470 dum
345 1413 411 1470 in
454 1411 581 1470 vita
624 1410 766 1470 fuit.

240 1489 335 1548 His
377 1489 587 1565 itaque
614 1485 857 1548 duobus
893 1486 1204 1548 Miraculis
1240 1486 1502 1564 cognitis
1522 1529 1542 1561 ,
1586 1499 1648 1548 et
1689 1508 1792 1566 ap·
1869 1484 1948 1536 De
1976 1491 2098 1541 ⁴⁰¹0

183 1564 427 1639 probatis
454 1610 471 1639 ‚
514 1563 668 1624 illud
718 1564 1139 1626 definiendum
1178 1575 1504 1641 supererat
1522 1610 1539 1637 ‚
1579 1586 1660 1626 an
1701 1585 1797 1626 res
1821 1569 2086 1621 P¹⁸08¹e⁸³¹¹

176 1659 243 1700 eo
280 1641 539 1702 adducta
590 1641 943 1716 videretur,
987 1653 1061 1702 ut
1110 1642 1189 1702 ad
1241 1641 1580 1704 solemnem
1626 1644 1796 1704 Beati
1821 1624 1884 1700 ’ᾳ
1927 1622 2094 1700 09⁸⁰·

186 1720 703 1780 Canonizationem
732 1729 873 1783 tuto
897 1719 1151 1796 procedi
1179 1729 1386 1798 posset
1413 1741 1434 1779 ε
1460 1721 1596 1788 Qua
1629 1720 1696 1780 in
1731 1741 1798 1782 re
1823 1695 2037 1808 {22¹⁰sp

187 1814 353 1878 quum
401 1797 771 1874 iampridem
830 1797 1186 1858 dubitatum
1232 1796 1484 1869 fuisset,
1537 1817 1620 1856 an
1689 1797 1798 1856 ob·
1945 1791 1959 1804 ’

176 1883 351 1934 ,staret
380 1879 710 1934 Decretum
736 1873 977 1936 aNobis
1000 1873 1236 1935 editum
1262 1872 1361 1934 die
1381 1893 1544 1934 xxm.
1569 1873 1799 1950 Aprilis

188 1953 329 2011 Anni
374 1955 753 2013 MDCCXLI.
773 1996 791 2027 ,
824 1971 948 2029 quo
982 1949 1217 2013 scilicet
1237 1995 1255 2026 ,
1285 1953 1448 2012 inter
1485 1949 1606 2013 alia
1628 1995 1644 2025 ,
1675 1961 1796 2013 sta-

188 2030 419 2102 tuimus,
458 2032 523 2090 in
558 2030 773 2090 Causis
816 2028 1148 2089 Servorum
1177 2032 1290 2088 Dei
1314 2050 1427 2107 per
1448 2031 1617 2090 viam
1651 2028 1794 2091 Cul-

188 2113 269 2165 tus
300 2105 833 2177 immemorabilis,
858 2109 986 2166 sive
1016 2104 1254 2167 Indulti
1281 2105 1762 2182 procedentibus
1781 2150 1797 2177 ,

188 2191 238 2239 et
278 2186 336 2243 in
389 2183 612 2261 quibus
642 2178 901 2245 virtu'tes
940 2204 1011 2243 ex
1049 2182 1333 2243 Testibus
1358 2182 1680 2241 dumtaxat
1713 2182 1792 2241 de

175 2258 413 2333 ¹auditu,
457 2262 586 2320 sive
624 2280 695 2321 ex
734 2280 1083 2321 coaevorum
1112 2261 1498 2335 Scriptorum
1530 2260 1798 2319 testimo·
1909 2298 1914 2307 ·

177 2337 285 2395 ‚niis
303 2334 574 2414 probatae
597 2337 857 2396 fuissent
874 2382 892 2409 ,
921 2349 1113 2413 quum
1133 2346 1273 2411 post
1289 2333 1801 2411 approbationem

190 2412 383 2475 Cultus
405 2412 945 2487 immemorabilis,
974 2411 1051 2473 ad
1092 2411 1426 2471 solemnem
1463 2414 1796 2475 Canoniza-

190 2490 391 2554 tionem
411 2494 704 2552 transitus
736 2491 871 2549 fieri
903 2488 1090 2551 vellet
1114 2535 1133 2562 ,
1160 2510 1288 2549 non
1317 2488 1443 2549 duo
1477 2486 1672 2549 solum
1692 2536 1708 2565 ‚
1729 2502 1803 2549 ut

192 2564 316 2627 olim·
346 2568 737 2641 obtinuerat,
773 2564 878 2628 sed
915 2577 1185 2645 quatuor
1221 2568 1284 2625 in
1328 2576 1644 2644 posterum
1689 2570 1798 2631 Mi-

193 2643 371 2705 racula
404 2648 521 2705 rite
562 2645 818 2721 probari
854 2644 1081 2705 debere
1112 2666 1129 2704 ε
1158 2644 1523 2722 Huiusmodi
1563 2643 1806 2705 dubita-

194 2720 265 2779 tio
303 2744 334 2782 a
376 2723 563 2783 Nobis
605 2720 848 2783 sublata
882 2726 1087 2783 fuerat
1113 2742 1225 2799 per
1265 2720 1432 2781 aliud
1474 2726 1805 2781 Decretum

196 2796 275 2856 die
316 2799 575 2861 secunda
620 2801 877 2875 Augusti
923 2799 1193 2878 ejusdem
1240 2800 1388 2857 anni
1445 2798 1755 2873 prolatum
1784 2844 1800 2870 ‚

199 2892 299 2949 quo
321 2875 795 2948 declaravimus,
822 2872 1288 2936 hanc’Causam
1321 2874 1402 2933 ab
1434 2894 1506 2931 ea
1539 2873 1669 2952 lege
1705 2895 1801 2933 ex-

198 2962 403 3027 ceptam
442 2974 603 3027 esse,
645 2964 709 3015 et
748 2955 983 3015 censeri
1022 2952 1248 3010 debere
1279 2971 1295 2986 ·
1336 2948 1418 3007 ob
1453 2968 1586 3009 eam
1624 2954 1801 3010 nimi-

196 3046 313 3089 rum
340 3032 733 3109 justissimam
774 3032 1110 3100 rationem,
1136 2994 1302 3105 quod
1329 3044 1518 3100 quum
1552 3031 1675 3102 jam
1707 3046 1802 3085 us-

198 3122 296 3238 {11¹oe
330 3129 363 3167 a
406 3108 786 3184 temporibus
818 3105 1055 3166 Urbani
1082 3110 1254 3182 Papae
1285 3106 1456 3168 VIII,
1480 3148 1496 3175 ,
1523 3114 1594 3163 ut
1621 3122 1812 3177 supra⁴

235 3182 427 3244 iximus
456 3231 471 3258 ‚
518 3188 643 3245 una
684 3205 825 3243 cum
877 3183 1137 3247 heroicis
1179 3188 1248 3241 B.
1288 3183 1516 3241 PETRI
1556 3180 1803 3241 virtuti-

198 3254 293 3318 bus
310 3308 325 3332 ,
359 3273 624 3338 quatuor
650 3259 832 3323 simul
861 3257 1153 3321 Miracula'
1178 3257 1518 3336 approbata
1539 3256 1805 3331 fuerint,

198 3337 309 3409 jure
344 3339 460 3398 dici
483 3349 728 3417 poterat
764 3339 1058 3415 praedicto
1099 3335 1368 3413 generali
1395 3341 1654 3396 Decreto
1688 3338 1805 3396 No-

198 3420 305 3474 stro
328 3416 759 3488 antecedenter
772 3420 1043 3494 paritum
1071 3414 1254 3475 fuisse
1275 3458 1291 3490 ,
1319 3414 1700 3550 prloindeque
1729 3412 1808 3471 ad

1455 3508 1489 3548 2
