2400 3996
441 147 526 214 64
971 143 1363 214 Bannmcn
1408 141 1585 211 XIV.

367 307 379 322 .
515 261 662 332 Quae
703 253 966 314 cumita·
995 273 1059 320 se
1083 250 1355 312 habe-ant
1374 296 1390 324 ‚
1415 253 1597 316 nimis
1624 249 1849 312 duram·
1878 261 2033 312 esset
2050 259 2097 326 '4-

357 373 369 390 .
439 333 492 392 si
528 335 664 410 quis
713 351 896 390 eausa
929 327 1152 390 cadens
1202 331 1268 389 in
1302 328 1572 388 secundo
1603 327 1865 404 judicio,
1908 327 2079 404 quod

439 409 562 468 fert
600 409 930 484 Episcopus
959 451 976 478 ,
1005 415 1068 464 et
1102 415 1429 480 propterea
1470 402 1945 480 appellationem
1984 407 2103 464 in».-

439 492 841 574 te'rponeret5
875 480 1098 544 deinde
1137 488 1269 558 eius
1316 478 1647 559 appellatio
1688 495 1819 542 non
1862 501 2079 558 opera-

440 561 775 629 retur-‚nisi
818 581 883 619 in
934 556 1327 629 devolutiv0‚
1373 570 1437 618 et
1473 579 1599 622 non
1630 561 1815 620 etiam
1858 561 1923 616 in
1950 578 2083 618 sus·-

439 641 694 715 pensivo
721 679 738 712 ,
783 657 925 697 cum
979 633 1188 712 regula
1248 637 1319 702 in⁴
1363 641 1501 712 jure
1555 646 1723 696 certa
1770 636 1887 710 sit,
1936 655 2085 696 cum

443 715 667 792 aliquis
709 718 774 774 in
823 714 1024 790 primo
1051 711 1311 788 ‚iudicio
1351 714 1552 778 victor
1590 713 1663 776 in.
1696 711 1905 776 ,altero
1946 731 2082 773 suc-

443 793 712 863 cumbit,
740 793 789 852 si
828 813 864 848 a
897 788 1150 848 secundi
1169 793 1217 848 -J
1226 787 1417 848 udicis
1442 789 1751 854 sententia
1779 786 2045 864 appellet
2064 834 2082 860 ‚

444 876 574 946 ejus
621 864 1091 944 appellationem
1135 885 1261 932 non
1306 863 1507 926 solum
1560 865 1626 924 in
1673 864 2033 939 devolutivo
2064 907 2091 936 ‚-

443 945 550 1006 sed
593 947 781 1004 etiam
823 943 892 1002 in
923 943 1279 1018 suspensivo
1310 940 1577 1008 valere.²
1710 1001 1721 1010 ,
1836 955 1843 962 ·
1988 1001 1995 1018 -.

474 1023 577 1088 -„Si
631 1030 1048 1096 opponeretur
1107 1020 1173 1078 in
1233 1014 1585 1095 hujusmodi
1648 1015 1844 1084 causis
1898 1035 2085 1086 omne

442 1095 792 1174 appellandi
827 1103 924 1174 jus
949 1093 1265 1154 sublatum
1298 1111 1424 1154 esse
1447 1116 1488 1162 a
1510 1093 1787 1154 Concilio
1819 1093 2080 1157 Triden-

442 1176 578 1234 tino
601 1175 699 1231 cit.
731 1194 864 1248 cap.
895 1168 984 1230 18.
1010 1192 1170 1230 vers·
1199 1173 1265 1226 in
1282 1170 1664 1248 omnibusque
1682 1215 1697 1241 ‚
1721 1189 1873 1228 ses-s·-
1889 1169 1987 1244 24.
2008 1169 2096 1236 de-

442 1249 847 1327 reformatione
868 1289 886 1323 ,
921 1249 1076 1314 scire
1107 1257 1386 1324 oportet,⁴
1418 1246 1763 1307 Concilium
1802 1245 1969 1316 ibiglo
2018 1249 2093 1316 ui·

445 1327 522 1386 de
560 1348 631 1386 eo
656 1373 672 1399 ‚
722 1329 828 1403 qui
867 1346 904 1383 a
929 1323 1231 1384 relatione
1268 1325 1770 1392 Examinatornm
1808 1327 1970 1397 Syna
2016 1345 2080 1384 a·

447 1403 600 1464 lium
632 1407 964 1480 provocat,
995 1423 1030 1461 a
1070 1399 1583 1482 quibusidoneus
1618 1399 1917 1477 probatus
1954 1419 2083 1462 non

448 1490 580 1552 est,
619 1501 762 1540 eum
802 1500 866 1539 se
911 1477 1095 1539 talem
1131 1497 1263 1546 esse
1315 1479 1619 1538 existimet
1648 1515 1670 1550 4,
1712 1476 1879 1552 quod
1912 1475 2098 1544 'nihii
2134 1521 2137 1526 .

443 1559 715 1634 pertinet
741 1556 820 1616 ad
867 1557 1128 1630 speciem
1163 1555 1311 1613 facti
1353 1573 1390 1612 a
1436 1553 1621 1613 Nobis
1659 1553 2037 1628 propositam
2062 1593 2083 1626 s

446 1637 510 1692 in
551 1654 697 1708 .qna
755 1634 958 1708 agitur
1007 1630 1085 1691 de
1121 1629 1487 1707 „appellante
1526 1630 1607 1690 ab
1665 1627 2088 1698 ‘irrationabili

444 1708 674 1786 judicio
697 1710 1012 1786 Episcopi,
1045 1713 1217 1784 euius
1249 1707 1491 1784 generis
1514 1705 1844 1783 appellatio
1872 1708 2085 1782 ignota

445 1787 566 1846 fuit
625 1783 1167 1858 Sacro-,Concilio‚
1212 1783 1317 1842 sed
1354 1803 1470 1843 usu
1510 1783 1871 1852 introducta
1910 1794 2002 1844 est
2044 1803 2085 1842 a

445 1861 591 1930 San.
633 1883 818 1922 mem.
852 1863 955 1922 Pio
991 1866 1072 1924 V.
1113 1863 1178 1920 in
1216 1858 1463 1922 laudata
1492 1861 2085 1934 Constitutionesut

445 1938 607 1998 bene
643 1940 830 2000 etiam
889 1936 1233 1998 considerat
1270 1941 1603 2013 Fagnanus-
1642 1939 1707 1995 in
1762 1938 1885 1998 suis
1932 1957 2080 2002 mss.

445 2037 516 2075 su
563 2018 725 2091 erius
756 2018 960 2076 citatis
1001 2036 1019 2074 z
1062 2018 1323 2091 Insuper
1368 2024 1431 2074 et
1463 2012 1615 2075 illud
1650 2034 1815 2091 *opus
1838 2025 1961 2083 .est,
1986 2016 2080 2077 in-

447 2104 510 2153 te
557 2092 724 2169 igere
745 2138 762 2165 ,
793 2094 844 2153 si
909 2092 1002 2153 uis
1031 2090 1433 2169 contenderet
1456 2092 1874 2167 argumentari
1906 2112 2082 2168 posse

447 2190 484 2229 a
532 2190 676 2231 casu
717 2191 872 2247 appe
895 2168 1078 2231 lautis
1107 2189 1144 2228 a
1169 2166 1335 2229 mala
1364 2165 1663 2234 relatione
1692 2170 2078 2239 Examinato·

445 2266 590 2307 rum
620 2246 699 2307 ad
742 2267 950 2310 casum
977 2242 1363 2323 ,appellantis
1408 2244 1489 2306 ab
1538 2243 1948 2305 irrationabili
1984 2252 2079 2323 ju-

447 2322 606 2383 dicio
640 2325 952 2401 Episcopi,
995 2328 1124 2399 ejus
1169 2322 1620 2397 argumentatio
1659 2319 1901 2397 longius
1936 2340 2091 2399 prof.

447 2400 726 2471 cederet,
767 2420 950 2477 quam
997 2396 1185 2461 vellet
1204 2443 1221 2471 ,
1256 2418 1395 2458 cum
1430 2418 1541 2457 nec
1580 2402 1708 2473 ipse
1748 2397 1918 2471 velit·
1936 2420 2091 2475 pro-·

446 2486 778 2537 vocantem-
814 2476 894 2533 ab
936 2472 1351 2535 irrationabili
1390 2474 1618 2550 judicio
1645 2475 1925 2553 Episcopi
1953 2496 2083 2537 non

448 2552 650 2613 audiri
667 2549 882 2611 saltem
910 2552 974 2611 in
1001 2548 1359 2613 devolutivo
1378 2591 1401 2628 ,n
1422 2559 1486 2621 et
1510 2555 1804 2612 Doctores
1818 2552 2083 2615 doceant

446 2626 858 2706 appellantem
899 2648 934 2686 a
987 2626 1148 2687 mala
1198 2624 1499 2687 relatione
1534 2630 2035 2691 Examin-atorum
2061 2674 2079 2703 ‚

442 2712 578 2783 eins
609 2702 1080 2782 appellationem
1109 2714 1219 2778 ant
1248 2722 1455 2779 neque·
1481 2704 1544 2763 in
1577 2703 1933 2769 devolutivo
1970 2706 2077 2766 ad·

447 2782 613 2857 mitti
641 2828 658 2855 ,
701 2793 810 2841 aut
853 2791 1020 2851 certe
1066 2776 1145 2839 ad
1191 2801 1334 2841 eum
1372 2780 1691 2848 dumtaxat
1742 2781 1962 2857 finem,
2008 2794 2083 2843 ut

448 2857 672 2933 famae,
696 2882 702 2888 ·
723 2869 908 2935 atque
947 2857 1380 2935 existimationi
1416 2877 1539 2917 suae
1572 2856 1883 2935 appellans
1930 2879 2077 2921 con·

446 2932 646 2995 sulere
689 2937 916 3010 possit3
956 2934 1303 2997 amovendo
1329 2947 1541 3007 notam
1578 2934 1658 2995 ab
1690 2938 2077 3003 Examinato-

447 3011 620 3072 ribus
664 3012 780 3071 sihi
822 3013 1134 3085 inustam,
1171 3032 1492 3089 nunquam
1530 3032 1677 3073 vero
1702 3057 1721 3086 ‚
1765 3022 1837 3085 tit
1875 3010 2079 3077 Eccle·

421 3089 601 3149 'siam
637 3085 1052 3151 Parochialem
1093 3090 1384 3167 consequi
1424 3090 1614 3165 possit
1638 3134 1657 3163 ‚
1698 3098 1777 3151 ut·
1818 3088 1899 3157 ad
1932 3110 2076 3179 prq-

447 3166 716 3242 positum
783 3175 1064 3243 nostrum
1101 3160 1263 3226 hene
1289 3158 1554 3229 ¹disserit
1605 3164 1980 3231 Mas-sobrius
2012 3186 2081 3225 m

434 3242 618 3317 praxi
650 3240 912 3299 habendi
931 3260 1280 3299 concursum
1314 3243 1527 3321 requie.
1564 3240 1623 3301 5.
1646 3240 1788 3302 dub.
1819 3241 1881 3319 4.
1914 3244 2077 3307 Ven-

447 3317 588 3375 trill.
639 3318 706 3373 in
735 3318 918 3393 praxi
958 3338 1151 3374 rerum
1195 3318 1748 3380 Ecclesiasticamm
1790 3330 1957 3397 part.
2015 3337 2075 3381 2..

445 3403 654 3452 annot.
686 3392 744 3451 5.
783 3392 840 3471 §-
871 3413 928 3453 2.
951 3414 992 3451 n
1043 3389 1145 3471 48.
