2400 3996
579 162 704 231 288
1091 126 1483 229 Bannmcri
1526 160 1703 233 XIV..

311 286 352 337 P
371 302 402 335 o
419 298 451 333 ιι
472 298 522 339 τ.
577 267 913 332 clausulam
935 268 1116 349 adjici
1147 270 1431 333 volumus
1453 292 1469 330 :
1494 268 1839 327 Dummodo
1856 270 2025 329 int-‘m
2048 268 2229 329 Βίας.

315 352 514 405 A.V11.
579 350 758 405 casim
791 350 1010 425 aliquis
1053 348 1219 405 locus
1266 368 1387 403 non
1422 346 1619 420 adsit,
1653 348 1719 403 iu
1760 366 1877 423 quo
1910 367 2021 402 aer
2056 349 2227 405 salu—

579 424 698 483 bris
742 425 828 481 sit«
843 466 860 495 ,
904 434 962 479 et
1001 425 1068 481 in
1111 444 1231 501 quo
1264 425 1597 499 Episcopus
1637 424 1986 479 comnwran'
2002 426 2229 499 possit.

305 508 445 574 Quid
471 524 562 574 pto
677 504 832 559 Sane
894 499 1221 576 praedictus
1284 500 1572 561 Urbanus
1626 500 2037 559 Praedecessor
2099 520 2229 559 non

279 579 544 628 celeban-
582 578 974 650 praetermisit
1012 595 1225 635 eorum
1264 577 1629 635 Antistitum
1664 596 1909 636 causam
1942 576 2233 637 conside·

282 643 391 722 ῳ,
421 641 558 693 C⁰¹³·
585 671 726 712 rare
745 696 762 725 ,
796 655 904 729 qui
937 650 1421 714 Provincialibus
1450 649 1779 711 Couciliis.
1812 650 1913 710 vel
1945 657 2231 728 Congre—

281 712 445 769 ⁰¹¹¹¹⁸²
467 711 562 788 4⁵·
623 730 964 795 ationibuS‚
991 749 1098 789 seu
1125 727 1493 788 Assembleis
1514 726 1901 803 generalibus
1928 770 1946 798 ,
1980 730 2049 785 in
2088 731 2231 805 qui·

283 777 563 896 §liulf-¹:¹2²
581 746 700 863 {us
720 804 1117 885 lflcclesiastici
1149 806 1529 863 intervenire
1544 802 1779 877 solent,
1812 803 2236 880 personaliter

337 861 442 894 ’ἂι
483 862 510 894 ⁰
536 860 564 893 ⁰
587 882 913 950 interesse,
953 884 1082 941 sive
1119 880 1181 939 iu
1230 879 1367 939 aliis
1406 880 1764 940 muneribus
1790 922 1807 955 ,
1849 892 1957 940 aut
1996 883 2229 958 Reipu-

583 955 758 1015 blicoe
799 956 1009 1016 officiis
1030 998 1046 1026 ,
1083 976 1219 1032 quae
1260 958 1528 1032 ipsorum
1574 956 2037 1032 Episcopatibus
2058 1002 2077 1031 ‚
2114 964 2227 1017 Ec·

585 1030 902 1109 clesiisque
943 1032 1237 1109 adjuncta
1300 1043 1449 1092 sunt
1472 1076 1492 1106 ‚
1548 1034 1627 1091 ad
1682 1044 1921 1092 certum
1978 1042 2233 1110 tempus

587 1120 757 1169 extra
798 1111 1111 1169 Dioecesim
1151 1110 1439 1185 occupari
1478 1106 1678 1168 solent
1700 1152 1713 1178 ,
1759 1129 1829 1167 ac
1869 1107 2131 1172 debeata
2162 1122 2233 1171 et

579 1184 684 1245 his
713 1186 960 1263 quidem
995 1188 1058 1245 in
1087 1188 1401 1261 praecitata
1428 1188 1884 1245 Constitutione
1909 1184 2231 1254 licentiam

577 1262 904 1323 abessendi
931 1264 1228 1322 concessit
1243 1281 1447 1338 proco
1474 1260 1728 1321 definito
1756 1272 2063 1338 tempore,
2097 1282 2230 1339 quo
2282 1302 2293 1307 -

589 1340 888 1415 ejusmodi
927 1337 1205 1401 Concilia
1234 1384 1253 1412 ‚
1288 1341 1843 1413 congregationes,
1880 1350 1942 1398 et
1980 1345 2226 1399 Assem-

577 1414 744 1475 ·bleae
793 1436 938 1492 pera
979 1426 1200 1487 entur,
1240 1416 1720 1491 exercitiumque
1762 1422 2071 1485 muneris,
2116 1434 2227 1476 seu

588 1490 770 1552 officii
814 1492 946 1569 pub
975 1494 1051 1552 ici
1097 1512 1313 1551 eorum
1376 1488 1657 1549 Ecclesiis
1702 1490 1978 1568 adjuncti
2012 1534 2029 1558 ‚
2080 1502 2231 1564 actu,

587 1566 954 1643 duraverit3
997 1567 1443 1631 dummodo.iis
1486 1566 1708 1641 finitis,
1746 1577 1922 1626 recto
1974 1570 2226 1639 tramite

587 1642 667 1701 ad
729 1643 1022 1704 Ecclesias
1075 1644 1194 1704 sibi
1247 1643 1595 1703 commissas
1649 1663 1777 1703 sese
1824 1644 2223 1719 conferrent3

583 1724 762 1794 cuius
799 1722 1203 1779 concessionis
1243 1722 1589 1796 aequitatem
1616 1724 1736 1780 Nos
1760 1740 2008 1797 quoqne
2036 1740 2227 1797 agno-

587 1807 826 1855 scentes
851 1841 868 1871 ,
899 1796 1156 1856 eandem
1183 1796 1627 1871 approbamus,
1664 1805 1728 1855 et
1764 1796 2223 1857 confirmamus.

591 1872 704 1931 Sed
741 1893 932 1950 quum
971 1872 1130 1932 idem
1163 1872 1452 1933 Urbanus
1480 1871 1635 1935 nihil
1665 1875 1953 1932 statuerit
1982 1874 2061 1932 de
2086 1875 2225 1951 Epi·

591 1951 786 2026 scopis
821 1950 928 2026 qui
971 1970 1008 2010 a
1034 1948 1399 2010 Residentiae
1432 1970 1554 2010 suae
1588 1947 1722 2010 loco
1751 1949 2077 2010 discedunt
2110 1970 2227 2028 pro

545 2032 988 2088 .·Processuum
1028 2029 1092 2086 in
1135 2028 1332 2086 causis
1364 2027 1889 2086 Beatificationum
1910 2073 1927 2098 ‚
1962 2038 2077 2087 aut
2110 2034 2225 2089 Ca-

567 2105 1075 2163 ·nonizationum.
1101 2102 1538 2180 compilatione
1564 2149 1581 2176 ‚
1618 2102 1971 2178 Apostolica
2016 2116 2229 2164 aucto·

594 2182 778 2240 ritate
817 2180 960 2257 ipsis
986 2177 1263 2254 delegata
1287 2201 1307 2255 ς
1336 2199 1577 2240 necesse
1594 2191 1689 2240 est
1710 2179 1942 2257 aliquid
1978 2200 2013 2238 a
2042 2180 2229 2240 Nobis

591 2276 708 2332 pro
754 2257 849 2316 his
893 2259 1078 2316 etiam
1121 2255 1359 2316 casibus
1408 2267 1755 2333 opportune
1793 2259 2111 2316 constitui.
2226 2331 2237 2336 -

376 2368 462 2418 uid
521 2362 586 2416 w·
669 2333 1094 2409 Expediuntur
1127 2354 1167 2392 a
1216 2335 1705 2409 Congregatione
1750 2333 2077 2394 Sacrorum
2126 2335 2226 2392 Ri-

294 2371 574 2486 cssnstni'en
596 2416 774 2472 tuum
827 2412 1042 2470 Literae
1070 2456 1087 2483 ‚
1133 2429 1288 2486 quas
1334 2421 1561 2469 vocant
1612 2408 2071 2472 Remissoriales
2098 2454 2115 2481 ‚
2166 2420 2229 2468 et

296 2502 378 2551 dis
453 2500 573 2549 Pro-
599 2485 1110 2560 Compulsoriales
1129 2530 1144 2558 ‚
1185 2485 1411 2560 quibus
1434 2487 1841 2546 committitur
1861 2533 1879 2560 ‚
1918 2497 1991 2545 ut
2016 2505 2227 2563 supra·

295 2568 538 2642 cessibus·
595 2557 744 2618 dicti
784 2567 1099 2622 Processus
1135 2564 1503 2622 auctoritate
1528 2561 1872 2638 Apostolica
1898 2563 2227 2622 confician-

299 2632 566 2712 ᾼΡρεέῠῐῑ·
597 2644 742 2711 tur3
794 2657 998 2712 eaeque
1053 2638 1411 2710 diriguntur
1460 2639 1661 2698 tribus
1687 2641 2016 2716 .Episcopis
2046 2684 2063 2712 ,
2120 2651 2231 2699 aut

295 2694 572 2778 cumcun:
597 2708 1024 2787 Superioribus
1048 2713 1350 2786 Praelatis,
1382 2733 1526 2774 cum
1560 2713 1863 2788 clausula,
1900 2726 1975 2776 ut
1994 2715 2115 2772 duo
2148 2715 2235 2772 ad

296 2763 570 2885 {wfgfflss'
594 2789 792 2846 minus
820 2788 1160 2865 procedant.
1191 2793 1477 2865 Cumque
1503 2792 1565 2849 in
1607 2790 1959 2870 hujusmodi
1992 2793 2235 2868 Episco-

329 2851 358 2884 ⁸
385 2850 402 2884 ¹
639 2886 817 2926 orum
857 2885 1141 2925 numero.
1171 2885 1412 2942 semper
1450 2866 1809 2950 includatur
1864 2868 2235 2929 Ordinarius

565 2978 570 2984 ·
621 2945 746 3018 oei,
772 2945 836 3004 in
862 2962 988 3020 quo
1027 2947 1343 3003 Processus
1383 2948 1803 3020 construitur3
1834 2945 1961 3004 fere
1990 2947 2231 3004 contin-

593 3022 684 3095 git
701 3065 717 3092 ‚
739 3041 772 3079 e
789 3020 988 3080 tribus
1003 3061 1020 3091 ,
1047 3018 1127 3078 ad
1153 3040 1309 3097 quos
1329 3022 1545 3080 Literae
1566 3033 1712 3082 sunt
1732 3023 1981 3082 directae
1998 3067 2015 3094 ,
2035 3042 2237 3081 unum

595 3097 914 3158 dumtaxat
945 3117 992 3155 a·
1023 3097 1377 3168 Residentia
1414 3099 1684 3157 avocari.
1724 3098 1845 3158 Ubi
1878 3101 2090 3174 itaque
2124 3097 2232 3158 ali-

563 3176 736 3248 .quis
793 3175 1120 3249 Episcopus
1166 3172 1461 3234 Titularis
1510 3172 1788 3234 Ecclesiae
1846 3176 1907 3233 in
1930 3173 2233 3250 partibus

597 3249 950 3309 Infidelium
1001 3251 1349 3310 constitutae
1392 3249 1609 3310 baberi
1667 3253 1895 3326 possit,
1946 3248 2235 3310 volumus

597 3343 738 3382 eum
775 3323 1138 3399 inpraefatis
1185 3327 1403 3386 Literis
1434 3346 1549 3403 pro
1586 3348 1713 3386 uno
1754 3349 1826 3388 ex
1857 3328 2057 3388 tribus
2094 3330 2230 3404 Epi-

559 3427 574 3458 ·.
595 3399 794 3476 scopis
841 3399 1303 3477 comprehendi.
1344 3403 1523 3482 Quod
1569 3405 1620 3464 si
1652 3414 1775 3466 tres
1814 3405 2071 3494 omnino
2106 3410 2231 3463 An·

2014 3482 2235 3542 tistites
