2400 3996
580 211 600 252 ι
617 209 708 274 70.
1071 187 1463 256 Bssussmcsrt
1508 183 1689 251 xlv,

305 307 342 357 Ρ
362 323 392 354 o
415 320 518 358 n.
572 306 912 364 extremum
965 293 1203 357 adesset
1232 339 1249 366 ‚
1292 292 1391 358 vel
1434 293 1785 368 subrogatis
1832 291 2021 354 Sociis
2058 293 2229 360 desi÷

323 377 387 424 A.
403 375 495 427 vl.

571 373 852 432 deratam
909 391 1090 447 opem
1132 370 1435 434 efferret?
1472 379 1669 445 Quem
1732 373 1962 447 reperit
2008 372 2231 448 inopia

569 468 845 526 pressum
863 491 882 522 ‚
905 447 1699 526 aegritudineprostratum,
1720 458 1831 506 eut
1851 448 2041 506 nimio
2058 467 2227 506 mor·

570 528 652 593 tis
695 535 866 584 metu
897 527 1335 600 perterritum,
1376 525 1476 584 eui
1524 543 1651 584 non
1692 534 2045 600 opportuna
2083 543 2227 582 eor·

570 602 738 679 poris
767 602 1084 678 animique
1123 600 1394 663 subsidia
1434 598 1769 660 contulerit
1790 643 1807 670 ,
1840 619 2107 676 eumque
2155 601 2226 658 in

573 689 818 738 aeternae
875 675 1092 738 salutis
1145 677 1431 739 fiduciam
1472 678 1777 738 erexerit?
1818 683 2015 752 Quem
2055 677 2231 737 vitiis

575 764 766 831 atque
803 757 1068 830 peccatis
1109 755 1451 824 irretitum,
1484 751 1587 813 vel
1622 752 1951 828 Religionis
1994 763 2226 826 myste-

575 833 666 890 ria
709 841 770 889 et
802 831 1088 906 dogmata
1129 833 1552 907 ignorantem,
1594 831 1744 908 quin
1789 849 1931 888 eum
1974 829 2055 888 ad
2098 849 2227 887 me-

576 907 746 966 lioris
799 908 943 968 vitae
991 907 1377 984 propositum
1414 951 1433 978 ‚
1494 904 1575 966 ed
1638 906 1869 966 Divinae
1925 905 2231 965 bonitatis

575 985 780 1042 sinum
829 983 1122 1044 reducere
1157 981 1505 1053 studuerit,
1548 979 1647 1043 vel
1690 984 1753 1041 in
1792 983 2077 1042 doctrina
2124 983 2229 1040 Fi-

578 1058 716 1133 dei,
769 1069 832 1118 et
874 1062 936 1120 in
989 1057 1122 1136 lege
1169 1060 1415 1120 Domini
1450 1059 1793 1118 erudierit?
1830 1061 1991 1134 Quin
2038 1059 2233 1116 etiam

577 1145 819 1208 constat
841 1181 858 1210 ,
897 1135 1136 1214 aliquos
1169 1137 1499 1196 Haereticos
1534 1137 1601 1195 in
1630 1130 1800 1196 Urbe
1836 1133 2055 1194 morbo
2086 1153 2229 1192 cor-

579 1223 786 1289 reptos
805 1257 824 1286 ,
863 1217 1186 1274 CAMILLI
1233 1211 1535 1272 charitate
1574 1221 1639 1271 et
1680 1213 1969 1270 comitate
2009 1211 2226 1270 devin-

579 1299 746 1363 ct03,
797 1294 1050 1367 e‘usque
1089 1288 1601 1352 instructionibus
1623 1331 1641 1361 ‚
1684 1299 1873 1366 atque
1920 1287 2230 1348 hortatio-

580 1367 768 1426 nibus
809 1365 1150 1428 ilustratoe
1194 1365 1532 1444 adjuvante
1580 1366 1801 1424 Divina
1836 1365 2031 1441 gratia
2055 1407 2073 1436 ,
2112 1367 2230 1424 Ec-

581 1441 775 1504 clesiae
814 1441 1152 1505 Catholieae
1196 1445 1513 1502 restitutos
1546 1439 1753 1502 fuisse.

657 1519 894 1594 Quibus
929 1520 994 1581 in
1037 1519 1223 1579 rebus
1268 1539 1461 1600 quum
1488 1537 1603 1596 per
1644 1537 1855 1577 omues
1892 1515 2079 1576 Urbis
2110 1517 2233 1575 Re·

581 1596 786 1672 giones
809 1639 826 1668 ‚
869 1594 1198 1657 ac'domos
1236 1597 1441 1671 magni
1466 1595 1657 1672 ipsius
1679 1593 1945 1664 fuerint,
1980 1603 2043 1651 et
2074 1611 2233 1670 quo·

583 1673 806 1731 tidiani
848 1668 1128 1746 labores3
1177 1680 1314 1735 tum
1352 1691 1501 1730 vero
1536 1672 1599 1730 in
1636 1668 1898 1746 publicis
1940 1668 2233 1728 Xenodo-

583 1747 770 1814 chiis,
817 1757 881 1807 et
919 1748 1309 1823 potissimum
1346 1749 1412 1806 in
1452 1744 1749 1824 Hospitali
1785 1751 1981 1804 Domo
2018 1745 2233 1804 Sancti

473 1871 476 1874 .
583 1823 846 1900 Spiritus
872 1824 936 1882 in
979 1825 1182 1896 Saxis,
1212 1822 1375 1884 illius
1404 1843 1591 1901 opera
1628 1821 1781 1883 adeo
1804 1821 2045 1882 assidua
2078 1819 2235 1894 fuit,

583 1911 658 1960 ut
699 1899 786 1959 ibi
828 1899 1272 1976 cogitationum
1312 1911 1501 1978 atque
1554 1899 1904 1960 studiorum
1948 1899 2235 1958 omnium

584 1997 689 2037 sco
734 1996 838 2035 um
871 2022 890 2051 ,
930 1975 1019 2041 ibi
1050 1975 1246 2038 veluti
1288 1987 1649 2055 perpetuam
1686 1979 1825 2036 vitae
1866 1995 1989 2035 suae
2022 1974 2235 2035 sedem

585 2052 682 2112 col
706 2070 912 2113 ocasse
954 2053 1294 2121 videretur.
1337 2055 1433 2115 Ibi
1464 2074 1603 2115 non.
1630 2052 1830 2113 solum
1864 2051 2137 2125 Famuli‚
2170 2062 2237 2111 et

585 2132 990 2190 inservientes
1010 2174 1024 2201 ,
1076 2132 1180 2191 sed
1224 2134 1337 2215 ipsi
1400 2150 1647 2221 quoque
1692 2130 2005 2206 Praepositi
2058 2128 2233 2190 vide-

584 2217 740 2268 runt
776 2226 920 2267 eum
948 2209 1014 2269 in
1041 2210 1245 2269 omnis
1276 2206 1457 2275 offleii
1483 2207 1823 2271 ministerio
1842 2205 2237 2283 sibimetipsis

471 2324 478 2332 -
583 2294 961 2359 praeeuntem
983 2331 1000 2359 ‚
1029 2304 1286 2363 quaeque
1316 2288 1483 2345 inter
1505 2282 1713 2367 plures
1742 2282 2065 2359 dispertita
2084 2292 2237 2342 sunt

587 2380 884 2435 munera,
926 2362 1190 2421 eundem
1244 2382 1441 2421 unum
1484 2360 1691 2423 omnia
1722 2358 2235 2435 amplectentem,

589 2456 662 2495 ac
707 2439 865 2497 mira
905 2438 1234 2499 sedulitate
1272 2438 1630 2498 obeuntem·
1658 2442 1731 2502 In
1769 2455 1843 2495 eo
1878 2434 2239 2495 hahuerunt

591 2516 832 2589 agrnfi,
871 2514 1170 2591 quidquid
1209 2514 1490 2575 homines
1516 2514 1644 2579 fere
1680 2512 1761 2572 ab
1800 2512 2007 2571 amicis
2032 2558 2049 2584 ‚
2092 2532 2240 2589 pro·

587 2590 840 2666 pinquis
873 2633 890 2661 ‚
950 2590 1313 2669 parentibus
1358 2590 1703 2651 desiderare
1748 2599 2233 2650 consueverunt.

589 2668 713 2725 Nec
765 2672 964 2741 maior
1020 2676 1112 2727 est
1159 2668 1589 2733 amentissimae
1631 2668 1841 2728 Matris
1882 2664 2239 2729 sollicitudo

591 2761 733 2817 erga
783 2744 1036 2801 unicum
1095 2740 1491 2817 languentem
1540 2741 1765 2804 Filium
1796 2787 1817 2816 ‚
1873 2742 1944 2801 εδ
1972 2787 1990 2815 ,
2048 2758 2240 2821 quam

591 2820 979 2878 CAMILLUS
999 2817 1249 2895 singulis
1262 2820 1613 2907 quibusgue
1630 2819 2063 2896 aegrotantibus
2080 2838 2237 2896 prae·

591 2892 796 2955 stabat
831 2915 851 2970 ς
909 2916 1126 2956 eorum
1189 2896 1493 2959 desideria
1546 2906 1925 2973 praevertens
1950 2941 1971 2970 ‚
2016 2916 2241 2955 eorum

593 2967 918 3043 solatium,
959 2973 1353 3035 commodum
1378 3019 1397 3046 ‚
1432 2974 1833 3046 munditiem,
1872 2992 1945 3032 ac
1992 2974 2241 3049 potissi-

593 3067 766 3107 mum
821 3051 1038 3109 animae
1095 3052 1501 3127 expiationem
1535 3060 1971 3127 „rectamque
2022 3049 2241 3109 Sacra·

591 3134 944 3191 mentorum
975 3130 1429 3205 perceptionem
1450 3146 1823 3203 procurans3
1856 3132 1929 3185 In
1954 3146 2059 3185 eos
2082 3146 2241 3187 vero

591 3199 982 3280 peculiariter
1033 3205 1345 3278 intentuS,
1376 3226 1409 3265 a
1446 3203 1669 3279 quibus
1708 3204 1917 3263 caeteri
1954 3201 2055 3264 vel
2088 3220 2241 3265 con·

593 3279 854 3351 tagionis
891 3288 1057 3341 metu
1077 3324 1094 3353 ‚
1121 3279 1220 3340 vel
1245 3281 1602 3343 morborum
1626 3300 1850 3339 nausea
1879 3290 1943 3339 et
1960 3280 2243 3339 »horrore

595 3352 982 3442 refugiebant
1005 3400 1022 3430 ‚
1086 3377 1190 3416 eos
1239 3360 1364 3434 ipse
1424 3355 1586 3417 ulnis
1620 3354 1986 3434 amplexari,
2028 3358 2243 3417 fovere

597 3448 733 3491 s1nu
765 3474 782 3503 ‚
835 3432 1080 3510 suisque
1141 3435 1657 3509 vestibus·tegere
1699 3454 1823 3498 non
1884 3434 2241 3503 recusabau
