2400 3996
553 127 682 193 260
1089 122 1483 191 Bmmmcn
1532 124 1711 191 XIV.

255 246 357 303 1²0
379 262 418 303 ιι
441 260 497 305 τ.
549 232 642 295 ad'
669 232 966 295 terminos
1003 234 1156 312 juris
1181 232 1431 308 reduci,
1468 232 1568 295 vel
1602 233 1897 297 adversus
1926 231 2064 297 illas
2092 257 2186 299 ro-

287 316 361 371 A,
387 314 494 375 VI.
545 311 891 373 stitutionis
931 310 996 369 in
1039 312 1382 386 integrum,
1424 310 1783 387 aperitionis
1818 312 1982 386 oris,
2012 312 2205 385 redu-

339 418 344 423 ·
549 388 773 447 ctionis
813 385 892 447 ad
932 387 1096 447 viam
1125 428 1142 457 ‚
1173 398 1241 445 et
1286 388 1585 447 terminos
1610 390 1797 464 juris,
1822 385 2077 450 aliudve
2114 390 2201 457 fa·

537 464 670 537 nti,
717 466 960 539 gratim,
1001 460 1100 523 vel
1139 464 1385 541 iustitiae
1436 463 1777 529 remedium
1814 464 2197 539 impetrari,

547 558 656 599 seu
674 537 1140 619 quomodolibet
1160 556 1448 599 concesso
1466 584 1484 610 .
1504 550 1569 599 et
1589 541 1781 616 impet
1789 550 1927 599 rato
1944 584 1961 611 ‚
1988 560 2203 617 quem-

549 618 717 692 piam
755 618 885 687 uti,
927 636 1034 677 seu
1069 636 1134 675 se
1185 622 1403 694 juvare
1444 616 1509 677 io
1561 615 1835 684 ludicio,
1878 614 1987 677 vel
2038 628 2209 677 extra

541 712 762 770 ·posse;
795 690 900 753 sed
925 690 1175 753 easdem
1206 701 1566 769 praesentes,
1598 694 1967 767 omniaque,
1990 701 2059 751 et
2080 692 2206 753 sin-

547 767 694 845 gula
749 771 817 830 in
862 772 950 831 eis
999 770 1375 841 constituta,
1430 768 1713 842 decreta,
1782 778 1845 827 et
1896 767 2155 827 definita
2185 812 2206 842 ‚

551 864 802 922 semper
819 889 837 920 ‚
891 857 956 905 et
979 855 1285 923 perpetuo
1318 840 1522 907 valida
1542 889 1559 915 ‚
1604 845 1781 905 firma
1802 888 1819 917 ,
1850 854 1913 903 et
1938 840 2207 903 efficacia

549 923 841 997 existere,
865 932 930 981 et
961 922 1122 993 fore,
1151 937 1431 997 suosque
1471 919 1816 997 plenarios,
1844 930 1905 979 et
1934 921 2206 995 integros

471 1019 475 1024 ·
549 996 802 1061 effectus
847 999 1096 1071 sortiri,
1141 1008 1208 1057 et
1243 998 1563 1071 obtinere,
1626 1018 1699 1057 ac
1744 995 1824 1056 ab
1868 994 2163 1069 omnibus
2184 1038 2203 1069 ,

543 1084 615 1135 et
655 1073 904 1149 singulis
925 1113 942 1145 ,
981 1074 1062 1136 ad
1105 1092 1261 1151 quos
1300 1083 1571 1151 spectat,
1626 1082 1692 1133 et
1728 1070 2204 1148 quomodolibet

542 1150 848 1227 spectabit
887 1153 952 1213 in
991 1151 1315 1225 futurum,
1348 1148 1796 1212 inviolabiliter
1840 1148 2199 1223 observari,

547 1228 1043 1305 eisque-omnino
1080 1229 1407 1304 acquiesci.
1442 1228 1691 1304 Sisque,
1730 1236 1795 1285 et
1843 1245 1970 1285 non
2018 1222 2198 1287 aliter

543 1323 658 1381 per
697 1322 1116 1382 quoscumque
1153 1303 1403 1371 Judices¹
1432 1303 1778 1363 ordinarios
1804 1346 1822 1373 ,
1856 1310 1922 1359 et
1954 1299 2191 1377 delega-

541 1390 640 1441 tos
659 1426 676 1455 ,
729 1382 918 1445 etiam
959 1388 1303 1444 Causarum
1348 1379 1597 1449 ,Palatii
1622 1375 1963 1455 Apostolici
2002 1377 2193 1439 Audi-

543 1466 711 1517 tores
735 1502 754 1533 ‚
797 1470 910 1519 nec
973 1478 1100 1519 non
1145 1455 1416 1537 ejusdem
1460 1460 1693 1519 Sanctae
1749 1458 2042 1513 Romanae
2086 1457 2192 1513 Ec·

539 1532 740 1593 clesiae
777 1534 1134 1597 cardinales
1179 1536 1367 1595 etiam
1406 1533 1485 1594 do
1536 1534 2091 1606 Latere‚Legatos,
2134 1541 2197 1591 et

535 1612 1004 1687 ,vioe-Legatos,
1043 1622 1233 1688 atque
1260 1610 1412 1674 alios
1490 1610 1667 1671 navis
1702 1607 2111 1680 auctoritate,
2134 1616 2196 1669 et

531 1696 844 1763 'potestate
890 1688 1253 1763 fungentes,
1306 1707 1379 1747 ac
1482 1688 1769 1763 ignitatc,
1834 1693 1902 1745 et-
1952 1682 2193 1753 honore

537 1760 846 1839 fulgentes
862 1807 886 1835 ,
913 1763 976 1823 in
1007 1764 1227 1840 quavis
1252 1782 1433 1825 causa
1455 1807 1473 1837 ,
1505 1773 1567 1824 et
1592 1761 1885 1823 instantia
1904 1804 1923 1834 ,
1944 1757 2193 1823 sublata

539 1839 661 1907 eis,
703 1846 768 1893 et
803 1846 1017 1893 eorum
1061 1837 1319 1895 cuilibet
1356 1840 1575 1913 quavis
1617 1837 1798 1893 aliter
1836 1834 2191 1911 judicandi,

535 1922 604 1973 et
641 1908 1094 1987 interpretandi
1137 1908 1469 1983 facultate,
1504 1921 1567 1971 et
1592 1911 1997 1984 auctoritate,
2026 1911 2186 1987 judi-

532 1988 669 2053 cari
683 2033 708 2061 ,
743 1986 1029 2062 definiri,
1073 1997 1138 2050 et
1187 1987 1587 2066 interpretari
1630 1984 1858 2051 debere
1872 1984 1904 2064 ,'
1941 1986 2191 2052 irritum

535 2085 786 2145 quoque
806 2105 828 2133 ,
867 2074 931 2126 et
973 2065 1192 2142 inane,
1234 2068 1286 2126 si
1322 2085 1494 2128 secus
1524 2083 1716 2142 ,super
1766 2061 1861 2124 his
1880 2106 1897 2136 ‚
1940 2061 2045 2126 vel
2088 2085 2187 2129 eo.

535 2162 682 2206 rum
721 2140 930 2220 aliquo
977 2161 1014 2202 a
1047 2163 1299 2222 quoque
1340 2141 1556 2220 quavis
1592 2141 1963 2202 auctoritate
1990 2141 2186 2204 scien.

419 2259 422 2264 -
535 2229 673 2293 ter,
710 2218 823 2283 vel'
851 2222 1213 2297 ignoranter
1248 2219 1575 2297 contigerit
1616 2217 1935 2279 attentari.

255 2303 547 2375 Commiv.
609 2298 912 2374 Quocirca
938 2295 1176 2359 Dilecto
1202 2296 1359 2358 Filio
1395 2302 1622 2365 Nostro
1655 2291 1923 2370 Georgio
1950 2294 2184 2356 Sanctae

233 2375 312 2423 ⁸30
330 2371 510 2450 fjardi.
531 2377 824 2436 Romame
857 2371 1132 2434 Ecclesiae
1163 2371 1481 2435 Cardinali
1516 2369 1596 2432 ab
1634 2372 1821 2431 Auria
1858 2388 2180 2448 nuncupa·

235 2440 341 2489 ¹¹⁸¹·
382 2433 474 2490 ¹⁴²·
530 2461 600 2512 to
621 2495 638 2522 ‚
680 2455 938 2524 Nostro,
971 2460 1034 2512 et
1075 2450 1242 2510 Sedis
1280 2446 1643 2527 Apostolicae
1688 2445 1767 2507 de
1806 2451 2023 2506 Latere
2072 2451 2180 2506 Le-

231 2513 352 2571 gato
419 2523 514 2572 pro
533 2536 675 2602 gato
721 2527 1010 2588 Bononioe
1045 2529 1492 2602 commoranti,
1534 2543 1810 2602 expresse
1848 2523 2177 2584 committi·

233 2583 510 2690 ιῖωροζξε-
535 2621 702 2673 mus,
733 2613 1039 2677 quatenus
1065 2604 1275 2662 statim
1304 2605 1449 2664 visis
1476 2599 1913 2680 praesentibus,
1946 2598 2025 2660 ad
2064 2599 2175 2661 im·

199 2656 508 2755 l’ni‘lsolr’um
535 2677 899 2752 mediatam,
949 2688 1016 2737 et
1073 2679 1377 2754 integram
1430 2699 1645 2740 earum
1708 2676 2173 2750 executionem)

230 2774 506 2825 observan-
532 2773 922 2832 quocumque
955 2751 1228 2831 iudiciali
1260 2764 1405 2818 actu
1441 2756 1815 2832 postposito,
1844 2751 2175 2814 brachium

230 2839 321 2889 iia.
529 2851 711 2892 suum
737 2831 1018 2904 fortiter,
1053 2841 1116 2892 et
1139 2829 1469 2894 efficaciter
1510 2833 1937 2908 impertiatur,
1966 2829 2175 2906 sicque
2229 2876 2239 2885 .

527 2909 730 2986 ipsum
779 2909 1108 2984 Georgium
1159 2906 1553 2972 cardinalem
1608 2913 1941 2982 Legatum,
1986 2915 2173 2964 caete-

527 3005 752 3063 rosque
791 2987 1026 3062 pariter
1080 2990 1210 3064 ejus
1264 3003 1637 3047 successores
1679 2985 1745 3044 in
1792 2992 2171 3058 perpetuum

520 3079 640 3140 pro
683 3071 962 3140 tempore
1009 3061 1253 3122 futuros
1300 3068 1583 3138 Legatos,
1628 3080 1699 3120 ac
1751 3056 2169 3134 vicelegatos‚

521 3139 764 3216 quoties
784 3177 800 3204 ,
829 3149 891 3199 et
911 3138 1431 3216 quandocumque
1454 3137 1731 3214 requisiti
1760 3134 2027 3208 fuerint,
2056 3154 2171 3198 sua

523 3217 891 3290 auctoritate
917 3233 1158 3290 semper
1193 3215 1402 3276 adesse
1442 3211 1725 3276 volumus
1746 3255 1761 3282 ‚
1806 3221 1872 3270 et
1902 3207 2161 3272 manda·

519 3309 692 3361 mus,
731 3299 805 3352 nt
841 3287 1128 3366 quaelibet
1171 3311 1209 3352 a
1252 3291 1437 3352 Nobis
1468 3293 1597 3353 sive
1636 3297 1916 3364 respectu
1970 3287 2159 3348 Juris·

519 3364 804 3432 dictionis
826 3409 846 3442 ,
889 3366 1020 3432 sive
1059 3377 1341 3448 respectu
1376 3367 1699 3432 solutionis
1736 3383 1999 3428 onerum
2041 3365 2157 3430 Ca·
