2400 3996
794 154 1241 224 BULLAmtm.
1711 183 1837 254 279

201 259 720 342 quemadmodum
791 263 1062 341 ejusdem
1127 266 1450 328 secretarii
1504 287 1730 330 munus
1788 273 1839 331 is
1895 279 2105 331 Anne

182 361 442 418 ‚semper
482 341 661 414 gessit
687 385 703 412 ‚
748 341 856 415 qui
903 345 1377 418 congregationi
1414 344 1675 406 Concilii
1702 349 1833 406 Tri-
1922 345 2077 416 '1746-

203 419 438 478 dentini
477 417 598 475 fuit
645 437 680 475 a
727 417 1023 492 Secretis3
1065 421 1231 479 unde
1270 421 1452 480 etiam
1504 426 1625 482 Nos
1673 423 1835 498 ipsi,

203 495 344 554 dum
389 495 450 552 in
510 491 851 552 minoribus
896 497 1221 556 constituti
1264 495 1481 558 Officio
1516 501 1839 560 secretarii

202 571 504 646 praedictae
557 570 1062 644 congregationis
1109 571 1535 634 cardinalium
1582 573 1839 638 Concilii

203 647 542 707 Tridentini
587 647 996 722 interpretum
1046 648 1482 725 fungeremur,
1523 673 1637 728 par
1683 672 1835 729 quo-

203 745 317 801 que
369 743 598 784 munus
644 723 965 785 secretarii
1016 721 1269 785 alterius
1332 731 1465 787 Con
1510 729 1841 803 regationis

203 821 382 878 super
435 799 786 860 Residentia
840 801 1276 877 Episcoporum
1318 803 1479 864 simu
1542 805 1831 865 sustinui·

204 899 355 940 mus.
417 884 566 952 Quae
610 897 760 937 sane
803 879 1211 954 Congregatio
1244 921 1259 950 ,
1313 891 1385 940 ut
1426 901 1495 940 ex
1533 880 1699 941 illius
1732 887 1831 942 Se-
1934 889 2103 954 Hujus

202 956 470 1015 cretariae
514 953 782 1029 Regestis
833 965 1088 1030 apparet
1122 999 1139 1029 ‚
1191 966 1320 1016 tam
1369 959 1557 1034 ipsius
1597 959 1837 1021 Urbani
1854 954 2136 1036 congreg·—

201 1031 654 1091 Praedecessoris
702 1029 1084 1105 temporibus
1108 1076 1125 1104 ‚
1181 1053 1373 1110 quam
1432 1033 1567 1095 aliis
1626 1035 1833 1096 subse·
1893 1030 2054 1101 ²¹⁰¹&

203 1108 528 1185 quentibus
565 1147 586 1179 ,
643 1127 778 1180 nou
813 1105 1002 1184 semel
1053 1108 1305 1184 singulis
1342 1113 1539 1171 Annis
1574 1112 1837 1172 adunari
1856 1107 2052 1160 pum·

203 1187 566 1260 consuevit3
609 1184 674 1244 id
712 1181 894 1260 quod
919 1205 954 1242 a
997 1203 1129 1244 san.
1174 1205 1357 1245 mem.
1398 1187 1840 1250 Praedecessore

201 1263 429 1339 pariter
465 1266 690 1322 Nostro
730 1258 1047 1322 Clemente
1079 1267 1238 1339 Papa
1262 1268 1372 1323 XI.
1414 1266 1477 1322 iu
1518 1284 1695 1324 usum
1738 1286 1831 1326 re·

202 1349 486 1400 vocatum
530 1339 691 1411 fuit,
730 1347 792 1396 et
835 1337 1173 1398 identidem
1211 1350 1525 1415 peractum
1560 1383 1577 1411 ‚
1619 1342 1831 1402 Nobis·

201 1417 468 1492 metipsis
492 1416 814 1492 praefatum
839 1416 1160 1474 secretarii
1188 1436 1410 1476 munus
1428 1415 1801 1478 obeuntibus
1818 1464 1835 1491 ‚

202 1491 610 1568 confectisque
653 1513 690 1551 a
728 1490 916 1550 Nobis
945 1535 960 1562 ,
1009 1501 1072 1551 et
1125 1492 1431 1568 impressis
1482 1491 1647 1552 foliis
1685 1539 1702 1568 ,
1763 1515 1835 1554 ea

201 1588 448 1644 prorsus
493 1568 784 1629 methodo
815 1612 831 1641 ‚
877 1588 1012 1643 quae
1051 1587 1165 1644 pro
1206 1571 1401 1628 causis
1440 1569 1518 1628 ad
1563 1575 1833 1646 Congre-

201 1647 504 1721 gationem
547 1644 806 1706 Concilii
843 1645 1297 1721 pertinentibus
1340 1645 1727 1708 observatur.

267 1725 354 1782 Ut
386 1732 596 1782 autem
637 1723 914 1798 Episcopi
947 1741 982 1780 a
1026 1723 1150 1782 suis
1177 1721 1495 1796 Ecclesiis,
1539 1721 1639 1785 vel
1674 1725 1844 1784 Dice·-

201 1798 434 1861 cesibus
457 1797 628 1858 licite
653 1799 860 1858 abesse
897 1799 1165 1874 possint,
1208 1819 1399 1876 quum
1480 1807 1659 1860 raeter
1692 1822 1837 1862 cau-

200 1893 324 1938 sam
364 1878 746 1936 Canonicam
774 1915 791 1945 ‚
845 1895 1120 1950 expressa
1159 1896 1408 1953 quoque
1472 1878 1693 1938 iceutia
1714 1882 1835 1938 Ro·

201 1952 366 2013 mani
401 1952 742 2027 Pontificis‚
789 1961 861 2013 ut
896 1971 1078 2029 supra
1119 1951 1418 2026 diximus,
1459 1955 1540 2016 sit
1566 1973 1832 2017 necessa·

201 2030 328 2104 ria3
368 2040 618 2106 excepto
658 2050 799 2088 casu
837 2030 1156 2105 praedictae-
1178 2032 1501 2089 trimestris
1545 2030 1835 2091 absentiae

199 2125 231 2163 a
279 2104 558 2167 ConciIIo
604 2106 949 2183 permissae,
989 2126 1108 2182 pro
1147 2128 1269 2183 qua
1306 2104 1475 2165 nulla
1586 2105 1837 2166 c'uliaris

199 2184 538 2259 requiritur
572 2180 854 2253 licentia,
891 2202 1082 2258 quum
1113 2184 1275 2241 idem
1312 2184 1502 2241 Conci
1532 2184 1659 2241 ium
1694 2184 1861 2257 Epi·.

197 2276 522 2336 scoporum
570 2257 1024 2318 abscedentium
1052 2260 1439 2317 conscientiae
1482 2256 1794 2334 relinquat
1820 2298 1837 2329 ,

199 2335 276 2397 de
305 2337 596 2413 aequitate
635 2354 829 2395 causae
869 2334 1159 2393 'udicium
1197 2334 1400 2393 facere
1432 2354 1452 2409 ς
1506 2332 1651 2392 hinc
1694 2345 1786 2393 est
1818 2379 1835 2408 ,

199 2412 363 2489 quod
409 2430 812 2489 quaecumque
906 2416 1043 2487 ujus
1093 2411 1331 2486 generis
1376 2408 1625 2469 licentia
1688 2408 1837 2471 olim

199 2487 628 2563 indulgeretur
648 2533 664 2561 ,
691 2508 802 2565 per
825 2485 1084 2564 speciale
1109 2484 1605 2563 chirographum
1648 2507 1837 2547 manu

198 2565 506 2626 Pontificis
559 2566 864 2639 signatum
925 2562 1379 2640 expediebatur.
1442 2563 1837 2625 Postmodum

201 2660 349 2701 vero
379 2641 672 2701 inductus
709 2642 828 2700 fuit
861 2660 992 2701 mos
1033 2639 1421 2701 describendi
1470 2660 1681 2701 omnes
1723 2640 1835 2700 hu·

197 2718 464 2795 jusmodi
493 2716 770 2777 licentias
809 2718 873 2776 in
904 2719 1086 2777 unico
1118 2716 1323 2791 Folio,
1360 2718 1528 2795 quod
1558 2718 1838 2779 Pontifici

197 2792 712 2855 subscribendum
752 2793 1184 2870 deferebatur3
1213 2814 1395 2869 quem
1436 2814 1581 2853 sane
1604 2814 1839 2855 morem

201 2892 234 2930 a
283 2870 834 2961 praedecessoribus
886 2870 1235 2931 secretariis
1290 2872 1603 2932 invectum
1646 2915 1663 2945 ‚
1716 2872 1839 2930 Nos

201 2965 450 3026 quoque
489 2966 888 3009 servavimus.

279 3027 440 3085 Cum
484 3035 690 3084 autem
719 3033 856 3100 post
897 3019 1239 3081 absentiam
1273 3018 1597 3080 duodecim
1640 3039 1833 3079 anuo-
1931 3029 2098 3094 Quam

199 3120 342 3159 rum
370 3145 388 3177 ,
426 3118 690 3178 quorum
718 3101 874 3160 duos
904 3097 1067 3175 apud
1103 3097 1556 3159 Anconitanam
1575 3140 1592 3169 ,
1636 3107 1699 3156 et
1730 3096 1833 3155 de·
1856 3092 2005 3173 olim-⁸
2051 3097 2135 3145 in-

201 3196 332 3237 cem
372 3176 539 3254 apud
585 3179 1030 3238 Bononiensem
1075 3171 1367 3235 Ecclesias
1394 3173 1673 3249 regimini
1714 3177 1830 3233 No·
1855 3168 2145 3277 termizsam

199 3263 334 3313 stro
391 3256 726 3315 successive
781 3253 1130 3313 commissas
1157 3296 1174 3325 ,
1226 3250 1463 3316 assidue
1511 3248 1835 3310 residendo
1857 3229 2007 3345 Ροῗῃ
2036 3246 2095 3277 ²¹

199 3339 416 3391 transev
449 3332 647 3404 imus,
695 3333 758 3391 in
791 3330 1022 3392 Urbem
1049 3330 1307 3403 reversi,
1356 3337 1419 3388 et
1460 3324 1539 3387 ad
1581 3332 1830 3405 Aposto·
1856 3311 2140 3415 ἷζῗθῖᾟῖε

203 3405 384 3468 licam
487 3406 664 3487 dem,
693 3408 973 3487 quamvis
1003 3408 1427 3483 immerentes,
1470 3407 1663 3473 evecti
1706 3406 1831 3466 fue-
