2400 3996
580 171 722 242 258·
1103 173 1491 238 Rimmon
1532 167 1704 237 XIV.

195 305 202 313 ·
313 292 408 345 1³0
427 271 526 343 ur.
579 291 882 362 potestate
902 327 918 354 ‚
961 279 1399 343 Venerabilem
1431 278 1784 356 hujusmodi
1815 279 2219 342 Consacerdo

332 359 509 414 A·V1·
581 369 716 420 tum
742 377 1032 418 coronam
1068 377 1305 416 summa
1330 355 1729 415 consensione
1760 357 2119 418 audivimus
2145 359 2229 418 ad

581 435 853 513 ejusdem
883 432 1186 512 praeclarae
1228 433 1499 510 Virginis
1527 434 2073 493 Canonizationem
2100 438 2230 494 Nos

580 503 1016 574 adhortantem
1046 517 1219 587 =Qua
1252 509 1329 569 de
1354 529 1421 569 re
1456 510 1734 569 omnium
1762 509 2051 588 suffragia
2124 530 2226 570 ro·

579 588 719 665 prio
760 587 1140 664 singulorum
1181 585 1609 662 chirographo
1635 585 1978 664 subscripta
2016 607 2091 646 co
2122 585 2231 664 ligi

578 665 897 742 jussimus,
945 668 1009 724 in
1047 660 1394 723 Tabulariis
1429 660 1706 721 Ecclesiae
1748 666 2041 723 Romanae
2078 683 2229 740 per-

578 749 769 818 petuo
786 739 1149 801 asservanda
1168 762 1186 815 3
1214 739 1576 802 mandantes
1609 737 1854 799 Dilectis
1873 738 2041 799 Filiis
2057 743 2243 816 Apo·'

579 815 934 877 stolicarum
959 818 1479 877 Coei·emoniarum
1510 815 1807 890 Magistris
1834 815 1919 874 ibi
1948 814 2027 876 de
2050 835 2233 876 more

583 893 1006 966 adstantibu5‚
1051 903 1157 964 ut,
1195 894 1261 950 in
1304 890 1581 950 absentia
1616 893 2014 962 Notariorum
2055 895 2232 968 Apo·

582 967 1038 1047 stolicaessedis,
1060 971 1166 1045 qui
1204 967 1613 1029 Protonotarii
1638 966 1717 1027 de
1744 987 2000 1028 numero
2028 970 2228 1028 Parti-

583 1047 920 1123 cipantium
978 1055 1457 1120 nuncupantur,
1503 1062 1685 1119 super
1728 1043 2083 1121 hujusmodi
2126 1064 2233 1104 so-

583 1120 775 1182 lemni
795 1131 936 1181 actu
961 1119 1208 1196 publica
1246 1124 1665 1180 Instrumenta
1682 1163 1701 1192 ,
1730 1130 2039 1197 quotquot
2070 1138 2231 1200 opus

586 1208 774 1272 esset,
824 1197 1126 1260 conficere
1163 1197 1484 1258 deberent.
1624 1223 1629 1228 ·

291 1398 326 1446 S
362 1396 376 1445 Ι
409 1393 519 1445 mni
523 1409 550 1442 ι
661 1349 902 1412 Indicta
927 1351 1138 1427 itaque
1177 1369 1295 1428 pro
1334 1347 1830 1411 canonizationis
1867 1346 2231 1411 celebritate

288 1411 569 1513 C‘ggouin,
589 1425 890 1490 hodierna
952 1427 1050 1486 die
1089 1432 1416 1487 Beatorum
1457 1423 1883 1502 Apostolorum
1944 1427 2109 1486 Petri
2167 1436 2232 1486 et

289 1528 470 1581 nonu,
590 1503 760 1564 Pauli
798 1504 1106 1578 Martyriis
1133 1511 1513 1572 consecrata,
1553 1522 1680 1562 non
1713 1503 2024 1561 omisimus
2058 1503 2231 1562 inte-

590 1581 706 1640 rim
745 1581 808 1638 in
845 1578 1227 1652 bumilitate,
1270 1588 1334 1638 et
1363 1579 1597 1657 ieiunio
1635 1579 1909 1654 privatas
1948 1587 2228 1652 nostras,

587 1665 652 1716 et
717 1654 949 1715 ublicas
978 1655 1255 1715 Ecclesiae
1276 1675 1488 1732 preces
1522 1659 1649 1714 Deo
1672 1656 1839 1714 Patri
1862 1652 2087 1718 offerre
2114 1675 2231 1732 per

587 1676 812 1791 Fiffum
856 1738 1015 1814 ejus,
1060 1743 1131 1792 ut
1152 1733 1413 1808 Spiritus
1453 1731 1659 1792 Sancti
1696 1731 1927 1800 virtute
1955 1740 2229 1794 mentem

584 1819 861 1868 nostram
886 1807 1178 1884 dirigere,
1199 1818 1262 1868 et
1293 1809 1661 1868 confirmare
1688 1807 2068 1884 dignaretur.
2103 1811 2228 1866 Ho-

584 1883 806 1961 dieque
844 1883 1095 1945 tandem
1137 1885 1215 1956 de
1266 1905 1483 1958 manc,
1525 1884 1905 1960 congregatis
1944 1883 2008 1942 in
2051 1885 2231 1946 Vati-

583 1980 740 2022 cano
766 1961 1051 2023 omnibus
1084 1959 1253 2023 Cleri
1286 1959 1637 2034 Saecularis,
1662 1969 1725 2020 et
1761 1956 2077 2037 Regularls
2108 1961 2225 2021 01·-

584 2036 870 2113 dinibus,
937 2038 1226 2099 omnibus
1281 2043 1573 2099 Romame
1632 2038 1869 2111 Curiae,
1939 2047 2001 2097 et
2057 2036 2229 2101 Aulae

583 2118 818 2175 Nostrae
853 2113 1216 2174 Proceribus
1235 2160 1253 2189 ‚
1305 2125 1368 2173 et
1410 2112 1828 2187 officialibus,
1867 2114 2229 2189 cunctisque

583 2188 1058 2252 venerabilibus
1101 2190 1425 2253 Fratribus
1475 2191 1713 2251 Nostris
1754 2186 2227 2263 Cardinalibus,

582 2265 986 2332 Patriarchis,
1049 2267 1533 2344 archiepiscopis
1552 2312 1569 2339 ‚
1620 2275 1683 2325 et
1728 2266 2071 2359 Episcopis,
2131 2286 2225 2328 so·

583 2342 806 2403 lemnis
845 2341 1307 2421 supplicationis
1350 2344 1477 2403 ritu
1514 2343 1800 2413 Divinam
1848 2346 2228 2420 majestatem

583 2430 983 2491 venerantes,
1014 2419 1092 2479 ad
1119 2418 1435 2495 Basilicam
1462 2420 1755 2509 Principis
1787 2417 2228 2495 Apostolorum

581 2496 1007 2572 processimus.
1032 2494 1170 2568 Ibi.
1207 2494 1389 2557 simul
1410 2542 1428 2569 ,
1464 2514 1535 2555 ac
1567 2506 1712 2555 ante
1743 2493 2228 2557 sacratissimam

581 2569 863 2646 Apostoli
897 2571 1355 2639 confessionem
1380 2574 1763 2639 constitimus
1781 2616 1797 2645 ‚
1828 2569 2099 2632 Dilectus
2127 2572 2226 2631 Fi-

582 2644 705 2705 lius
745 2650 964 2707 Noster
1003 2646 1355 2708 Joachimus
1405 2647 1596 2709 Tituli
1637 2652 2004 2708 Sanctorum
2062 2653 2224 2723 Qua·

585 2734 736 2782 tuor
783 2725 1239 2795 Coronatorum
1288 2722 1611 2799 Presbyter
1674 2723 1945 2802 ejusdem
1992 2726 2227 2791 Sanctae

586 2803 877 2859 Romanae
906 2797 1185 2861 Ecclesiae
1216 2798 1561 2865 Cardinalis
1592 2806 2025 2861 Portocarrero
2066 2821 2225 2862 nun·

587 2885 846 2953 cupatus
865 2921 882 2949 ,
931 2886 1265 2953 perorante
1299 2875 1534 2938 Dilecto
1576 2876 1733 2937 Filio
1765 2875 2023 2953 Virgilio
2052 2882 2225 2937 Mon·

585 2954 856 3013 tecatino
900 2952 1353 3014 consistorialis
1384 2952 1555 3015 Aulai
1600 2958 1833 3015 Nostrae
1872 2953 2225 3027 Advocato,

589 3030 766 3089 enixa
789 3029 1285 3091 Christianorum
1312 3035 1547 3109 Regum
1564 3076 1581 3105 ‚
1618 3040 1681 3090 et
1709 3026 2061 3107 Principum
2080 3074 2100 3105 ‚
2120 3034 2226 3095 Ec·

591 3104 942 3179 clesiarum‚
982 3117 1045 3169 et
1082 3106 1531 3184 Religiosorum
1572 3105 1881 3168 Ordinum
1926 3104 2095 3166 vota'
2115 3122 2231 3183 pro

592 3183 780 3259 ipsius
819 3187 887 3241 Β.
925 3184 1438 3257 CATHARINAE,
1461 3185 1619 3243 sicut
1642 3184 1828 3242 etiam
1863 3202 1981 3263 pro
2017 3187 2227 3242 Beato·

595 3278 735 3317 rum
772 3256 995 3317 Fidelis
1043 3278 1080 3318 a
1130 3261 1539 3336 Sigmaringa,
1594 3258 1838 3320 Camilli
1886 3257 1966 3318 de
2011 3255 2225 3347 Lellis2

594 3334 757 3395 Petri
811 3330 1117 3413 Regalati‚
1177 3346 1241 3399 et
1277 3337 1525 3416 Josephi
1562 3356 1600 3399 a
1638 3336 1931 3425 Leonissa·
1970 3334 2226 3400 solemni
