2400 3996
542 118 670 207 294
1055 115 1451 180 Bemmari
1490 113 1667 179 XIV.

249 240 491 360 *lg-‘'V'ffi:
545 291 2201 352 mmmmmmmmmmmwimmmmwimwmmwimm

257 488 458 556 χχιχ.
1144 429 1599 564 FfflMANAE
1645 509 1655 513 -

553 634 1064 720 Congregationi,
1157 633 1315 697 uoad
1361 631 1751 699 Gubernium
1794 631 1917 698 tam
1968 629 2203 698 Politi-

638 745 814 804 cum,
851 743 1033 810 quam
1077 717 1137 782 O
1191 721 1580 784 conomicum
1628 717 1913 784 Civitatis
1959 735 2022 782 et
2075 720 2204 782 Co-

639 808 884 874 mitatus
909 805 1107 870 Firmi
1150 805 1453 894 privativa
1485 805 1825 896 jurisdictio
1873 805 2203 870 tribuitur.

559 971 570 1052 -·’
695 1001 1394 1144 BENEDICTUS
1474 1002 2066 1090 Erlscorus

889 1242 896 1250 -
932 1195 1211 1271 Sumtus
1254 1193 1653 1262 Senvomm
1700 1193 1835 1259 Dm

839 1435 858 1442 ἱ
881 1357 994 1418 Ad
1016 1371 1371 1437 perpetuam
1417 1361 1501 1416 rei
1534 1360 1905 1416 memoriam·

323 1535 548 1612 Cpnsfe-
571 1462 674 1592 Ρ
684 1555 899 1594 nemu
914 1537 1166 1611 prorsus
1183 1533 1402 1603 studii,
1428 1555 1555 1611 quo
1570 1535 1899 1596 Civitatem
1930 1541 2216 1593 nostram

271 1609 408 1666 gaino
427 1599 545 1649 Fu·-
572 1614 884 1684 Firmum,
929 1617 1178 1688 ejusque
1221 1612 1635 1682 Comitatum‚
1676 1622 1737 1670 et
1781 1606 2023 1670 Incolas
2073 1610 2215 1667 uni-

273 1684 526 1784 ἱῗέἒζίῆὲ
571 1709 812 1761 νει-303,
871 1707 986 1764 pro
1030 1689 1314 1772 imposito
1362 1689 1549 1748 Nobis
1608 1688 1870 1764 desuper
1926 1686 2217 1763 Supremi

273 1805 530 1852 iustaura-
571 1767 863 1840 Principis
903 1763 1100 1824 officio
1137 1767 1604 1841 prosequimur,
1640 1765 1803 1824 haud
1846 1763 1985 1823 leve
2032 1783 2216 1839 argu·

277 1880 386 1918 tur.
573 1853 852 1904 mentum
885 1840 1185 1899 edidimus
1215 1840 1330 1899 sub
1359 1844 1555 1917 ipsum
1597 1842 1990 1900 Pontificatus
2012 1840 2219 1900 nostri

575 1921 862 1994 initium3
891 1929 1080 1995 quum'
1102 1937 1215 1994 per
1252 1922 1501 1978 Nos-tras
1538 1921 1599 1978 in
1637 1920 1837 1978 forma
1877 1919 2087 1978 Brevis
2117 1918 2219 1977 Li·

575 2010 736 2059 teras
765 1996 940 2056 dat-as
970 1995 1070 2055 die
1093 2017 1187 2054 xx.
1217 1996 1587 2072 Septembris
1617 1997 1784 2056 Anni
1824 1997 2217 2065 MDCCXL„

577 2076 1078 2153 congregationis
1127 2074 1463 2145 Pii-manae,
1510 2084 1909 2151 nuncupatae,
1946 2093 2085 2150 quae
2136 2072 2222 2132 ud

574 2152 742 2213 illius
783 2153 1065 2213 Civitatis
1095 2161 1158 2209 et
1183 2152 1529 2210 Comitatus
1561 2154 1797 2227 negotia
1832 2152 1899 2210 in
1933 2155 2223 2210 Romana

578 2233 770 2292 Curia
795 2240 858 2289 et
886 2228 1052 2289 Urbe
1075 2226 1491 2303 cognoscenda
1528 2248 1599 2286 ac
1619 2226 1933 2305 dirigenda
1953 2272 1970 2300 ,
1999 2248 2033 2287 a
2061 2232 2221 2285 Prae-

579 2306 995 2373 decessoribus
1018 2307 1259 2365 Nostris
1278 2306 1573 2365 Romanis
1586 2304 1985 2364 Pontificibus
2010 2312 2223 2363 erecta

579 2386 814 2449 flaverat,
851 2404 1076 2443 novam
1119 2381 1551 2458 utilioremque
1592 2382 1854 2442 formam
1888 2380 2227 2441 constitui-

578 2482 714 2521 mus
732 2503 748 2531 ,
781 2462 1108 2519 immutato
1142 2460 1334 2519 veteri
1365 2460 1551 2535 ipsius
1576 2470 1774 2533 statu,
1805 2459 1929 2536 quo
1964 2477 2215 2535 perma-

581 2548 800 2609 nente,
841 2558 954 2596 nec
975 2540 1130 2595 ‘satis
1153 2547 1505 2611 promptam
1532 2536 1700 2611 fore,
1740 2556 1851 2595 nec
1880 2534 2037 2595 adeo
2074 2554 2221 2611 pro-

582 2614 835 2683 ficuam,
877 2625 950 2673 ut
978 2632 1091 2688 par
1123 2623 1291 2685 erat,
1336 2612 1685 2690 hujusmodi
1727 2614 2117 2691 negotiorum
2158 2622 2226 2670 et

585 2696 922 2751 Causarum
968 2691 1397 2748 tractationem
1442 2690 2013 2767 expeditionemque
2056 2688 2227 2767 iudi-

585 2770 880 2830 cavimus,
919 2770 1003 2825 Ex
1041 2786 1160 2842 qua
1194 2785 1340 2825 sane
1368 2769 1774 2843 providentiae
1814 2770 2051 2827 Nostrae
2098 2765 2223 2827 dis-

583 2846 888 2925 positione
929 2862 1127 2920 ,quum
1172 2842 1462 2903 uberiora
1520 2848 1582 2905 in
1622 2845 1750 2904 dies
1805 2842 2227 2903 emolumenta

352 2930 530 2993 stitus
585 2926 662 2985 ad
699 2923 1002 3000 optimum
1039 2920 1225 2997 ipsius
1268 2921 1550 2981 Civitatis
1589 2933 1653 2981 et
1691 2923 2037 2982 Comitatus
2066 2920 2224 2997 regi-

285 3018 559 3065 controver
587 3022 725 3061 men
766 2998 1094 3077 provenire
1133 2996 1609 3073 dignoscantur,
1655 3020 1778 3058 non
1814 2996 1969 3057 illud
2012 3006 2228 3057 tamen

286 3076 392 3127 ³5³³·
585 3089 913 3155 sequutum
934 3120 951 3149 ,
973 3085 1046 3135 ut
1077 3077 1331 3135 omnino
1353 3073 1599 3136 sublata
1631 3076 1819 3135 fuerit
1848 3085 2029 3135 vetus
2058 3094 2227 3151 quae-

585 3157 728 3215 dam
769 3154 1221 3222 controversia,
1282 3172 1415 3227 quae
1462 3152 1697 3211 dudum
1754 3150 2004 3227 vigebat
2059 3152 2230 3211 inter

585 3232 862 3291 eamdem
893 3230 1224 3291 Civitatem
1261 3231 1614 3297 Firmanani
1654 3238 1727 3303 'ex
1766 3249 1892 3297 una
1915 3271 1932 3300 ‚
1970 3236 2223 3287 et·non-

585 3307 784 3368 nullas
841 3306 1327 3367 communitates
1388 3311 1747 3375 Castrorum
1800 3315 1864 3365 et
1916 3308 2227 3363 Locorum

585 3382 1154 3461 ipsius-Comitatus
1187 3401 1266 3442 ex
1301 3381 1493 3443 altera
1530 3394 1706 3461 parte
1728 3428 1745 3459 ,
1783 3400 1970 3460 super
2006 3400 2120 3456 eo,
2148 3401 2227 3441 an
