<?xml version="1.0" encoding="UTF-8"?>
<!DOCTYPE html PUBLIC "-//W3C//DTD XHTML 1.0 Transitional//EN"
    "http://www.w3.org/TR/xhtml1/DTD/xhtml1-transitional.dtd">
<html xmlns="http://www.w3.org/1999/xhtml" xml:lang="en" lang="en">
 <head>
  <title>
</title>
<meta http-equiv="Content-Type" content="text/html;charset=utf-8" />
  <meta name='ocr-system' content='tesseract 3.04.00' />
  <meta name='ocr-capabilities' content='ocr_page ocr_carea ocr_par ocr_line ocrx_word'/>
</head>
<body>
  <div class='ocr_page' id='page_1' title='image "benedictipapaex03xivgoog_0272.png"; bbox 0 0 2400 3996; ppageno 0'>
   <div class='ocr_carea' id='block_1_1' title="bbox 593 128 1725 235">
    <p class='ocr_par' dir='ltr' id='par_1_1' title="bbox 593 128 1725 235">
     <span class='ocr_line' id='line_1_1' title="bbox 593 128 1725 235; baseline -0.008 -1"><span class='ocrx_word' id='word_1_1' title='bbox 593 165 724 235; x_wconf 77' lang='lat'><strong>266</strong></span> <span class='ocrx_word' id='word_1_2' title='bbox 1115 128 1512 229; x_wconf 50' lang='lat' dir='ltr'><strong>Bskamc‘rt</strong></span> <span class='ocrx_word' id='word_1_3' title='bbox 1546 159 1725 227; x_wconf 71' lang='lat' dir='ltr'><strong>xlv.</strong></span> 
     </span>
    </p>
   </div>
   <div class='ocr_carea' id='block_1_2' title="bbox 293 268 2295 3480">
    <p class='ocr_par' dir='ltr' id='par_1_2' title="bbox 324 268 2253 561">
     <span class='ocr_line' id='line_1_2' title="bbox 324 268 2253 344; baseline -0.004 -7"><span class='ocrx_word' id='word_1_4' title='bbox 324 285 463 337; x_wconf 65' lang='lat' dir='ltr'><strong>Pon</strong></span> <span class='ocrx_word' id='word_1_5' title='bbox 484 299 534 335; x_wconf 81' lang='grc' dir='ltr'><strong>τ.</strong></span> <span class='ocrx_word' id='word_1_6' title='bbox 594 274 762 343; x_wconf 86' lang='lat' dir='ltr'><strong>rint,</strong></span> <span class='ocrx_word' id='word_1_7' title='bbox 799 287 942 331; x_wconf 82' lang='lat' dir='ltr'><strong>cum</strong></span> <span class='ocrx_word' id='word_1_8' title='bbox 970 290 1146 333; x_wconf 86' lang='lat' dir='ltr'><strong>suam</strong></span> <span class='ocrx_word' id='word_1_9' title='bbox 1183 274 1441 332; x_wconf 77' lang='lat' dir='ltr'><strong>Coenam</strong></span> <span class='ocrx_word' id='word_1_10' title='bbox 1466 271 1848 344; x_wconf 81' lang='lat' dir='ltr'><strong>instituunt3</strong></span> <span class='ocrx_word' id='word_1_11' title='bbox 1888 268 2021 329; x_wconf 67' lang='lat' dir='ltr'><strong>haec</strong></span> <span class='ocrx_word' id='word_1_12' title='bbox 2062 278 2253 329; x_wconf 81' lang='lat' dir='ltr'><strong>testa·</strong></span> 
     </span>
     <span class='ocr_line' id='line_1_3' title="bbox 331 345 2249 421; baseline -0.004 -10"><span class='ocrx_word' id='word_1_13' title='bbox 331 356 402 403; x_wconf 75' lang='lat' dir='ltr'><strong>A·</strong></span> <span class='ocrx_word' id='word_1_14' title='bbox 421 352 520 403; x_wconf 81' lang='lat' dir='ltr'><strong>VI·</strong></span> <span class='ocrx_word' id='word_1_15' title='bbox 593 361 700 411; x_wconf 82' lang='lat' dir='ltr'><strong>tur</strong></span> <span class='ocrx_word' id='word_1_16' title='bbox 740 352 1076 409; x_wconf 84' lang='lat' dir='ltr'><strong>Gretserus</strong></span> <span class='ocrx_word' id='word_1_17' title='bbox 1108 348 1174 403; x_wconf 79' lang='lat' dir='ltr'><strong>in</strong></span> <span class='ocrx_word' id='word_1_18' title='bbox 1209 366 1317 403; x_wconf 73' lang='lat' dir='ltr'><strong>suo</strong></span> <span class='ocrx_word' id='word_1_19' title='bbox 1352 349 1630 404; x_wconf 73' lang='lat' dir='ltr'><strong>Teuc-tatu</strong></span> <span class='ocrx_word' id='word_1_20' title='bbox 1655 345 1729 401; x_wconf 85' lang='lat' dir='ltr'><strong>de</strong></span> <span class='ocrx_word' id='word_1_21' title='bbox 1760 346 1942 405; x_wconf 74' lang='lat' dir='ltr'><strong>eruce</strong></span> <span class='ocrx_word' id='word_1_22' title='bbox 1981 366 2121 421; x_wconf 83' lang='lat' dir='ltr'><strong>cap.</strong></span> <span class='ocrx_word' id='word_1_23' title='bbox 2148 346 2249 403; x_wconf 81' lang='lat'><strong>23.</strong></span> 
     </span>
     <span class='ocr_line' id='line_1_4' title="bbox 593 410 2249 561; baseline -0.001 -79"><span class='ocrx_word' id='word_1_24' title='bbox 593 438 735 483; x_wconf 80' lang='lat' dir='ltr'><strong>tom.</strong></span> <span class='ocrx_word' id='word_1_25' title='bbox 767 444 800 561; x_wconf 60' lang='lat' dir='ltr'><strong>f1⁸</strong></span> <span class='ocrx_word' id='word_1_26' title='bbox 810 431 985 515; x_wconf 41' lang='lat' dir='ltr'><strong>..eius</strong></span> <span class='ocrx_word' id='word_1_27' title='bbox 1021 410 1310 485; x_wconf 83' lang='lat' dir='ltr'><strong>editionis</strong></span> <span class='ocrx_word' id='word_1_28' title='bbox 1336 468 1353 497; x_wconf 93' lang='lat'><strong>,</strong></span> <span class='ocrx_word' id='word_1_29' title='bbox 1390 442 1527 501; x_wconf 77' lang='lat' dir='ltr'><strong>quae</strong></span> <span class='ocrx_word' id='word_1_30' title='bbox 1559 433 1871 501; x_wconf 79' lang='lat' dir='ltr'><strong>postremo</strong></span> <span class='ocrx_word' id='word_1_31' title='bbox 1912 423 2081 499; x_wconf 81' lang='lat' dir='ltr'><strong>typis</strong></span> <span class='ocrx_word' id='word_1_32' title='bbox 2114 420 2249 483; x_wconf 77' lang='lat' dir='ltr'><strong>vul·</strong></span> 
     </span>
    </p>

    <p class='ocr_par' dir='ltr' id='par_1_3' title="bbox 635 512 1060 563">
     <span class='ocr_line' id='line_1_5' title="bbox 635 512 1060 563; baseline 0 -2"><span class='ocrx_word' id='word_1_33' title='bbox 635 512 736 561; x_wconf 84' lang='lat' dir='ltr'><strong>ata</strong></span> <span class='ocrx_word' id='word_1_34' title='bbox 795 512 918 563; x_wconf 54' lang='lat' dir='ltr'><strong>ultr</strong></span> <span class='ocrx_word' id='word_1_35' title='bbox 1052 526 1060 531; x_wconf 88' lang='lat'><em>·</em></span> 
     </span>
    </p>

    <p class='ocr_par' dir='ltr' id='par_1_4' title="bbox 293 522 2261 878">
     <span class='ocr_line' id='line_1_6' title="bbox 344 522 2253 652; baseline -0.002 -18"><span class='ocrx_word' id='word_1_36' title='bbox 344 574 571 651; x_wconf 59' lang='lat' dir='ltr'><strong>Concor·</strong></span> <span class='ocrx_word' id='word_1_37' title='bbox 595 522 634 579; x_wconf 67' lang='lat' dir='ltr'><strong>g</strong></span> <span class='ocrx_word' id='word_1_38' title='bbox 673 576 736 635; x_wconf 87' lang='lat' dir='ltr'><strong>Si</strong></span> <span class='ocrx_word' id='word_1_39' title='bbox 766 599 916 639; x_wconf 88' lang='lat' dir='ltr'><strong>vero</strong></span> <span class='ocrx_word' id='word_1_40' title='bbox 950 574 1337 652; x_wconf 79' lang='lat' dir='ltr'><strong>disciplinam</strong></span> <span class='ocrx_word' id='word_1_41' title='bbox 1374 572 1789 636; x_wconf 80' lang='lat' dir='ltr'><strong>Orientalium</strong></span> <span class='ocrx_word' id='word_1_42' title='bbox 1816 573 2253 649; x_wconf 84' lang='lat' dir='ltr'><strong>inspiciamus,</strong></span> 
     </span>
     <span class='ocr_line' id='line_1_7' title="bbox 293 642 2258 727; baseline -0.006 -8"><span class='ocrx_word' id='word_1_43' title='bbox 293 642 424 690; x_wconf 60' lang='lat'><strong>‘¹⁸¹¹‘</strong></span> <span class='ocrx_word' id='word_1_44' title='bbox 473 642 549 719; x_wconf 71' lang='lat'><em>,¹²¹¹</em></span> <span class='ocrx_word' id='word_1_45' title='bbox 601 655 829 715; x_wconf 78' lang='lat' dir='ltr'><strong>Graecis</strong></span> <span class='ocrx_word' id='word_1_46' title='bbox 895 656 961 715; x_wconf 88' lang='lat' dir='ltr'><strong>in</strong></span> <span class='ocrx_word' id='word_1_47' title='bbox 1007 672 1180 713; x_wconf 90' lang='lat' dir='ltr'><strong>more</strong></span> <span class='ocrx_word' id='word_1_48' title='bbox 1242 651 1512 727; x_wconf 84' lang='lat' dir='ltr'><strong>positum</strong></span> <span class='ocrx_word' id='word_1_49' title='bbox 1563 661 1690 723; x_wconf 80' lang='lat' dir='ltr'><strong>est,</strong></span> <span class='ocrx_word' id='word_1_50' title='bbox 1742 660 1815 709; x_wconf 88' lang='lat' dir='ltr'><strong>ut</strong></span> <span class='ocrx_word' id='word_1_51' title='bbox 1876 649 1955 709; x_wconf 87' lang='lat' dir='ltr'><strong>ad</strong></span> <span class='ocrx_word' id='word_1_52' title='bbox 2002 654 2258 710; x_wconf 80' lang='lat' dir='ltr'><strong>Portam</strong></span> 
     </span>
     <span class='ocr_line' id='line_1_8' title="bbox 293 708 2261 822; baseline -0.003 -33"><span class='ocrx_word' id='word_1_53' title='bbox 293 708 572 822; x_wconf 59' lang='lat' dir='ltr'><strong>{⁸¹f.0‘¹‘¹¹&#39;</strong></span> <span class='ocrx_word' id='word_1_54' title='bbox 597 733 849 805; x_wconf 83' lang='lat' dir='ltr'><strong>Regiam</strong></span> <span class='ocrx_word' id='word_1_55' title='bbox 930 728 1279 789; x_wconf 83' lang='lat' dir='ltr'><strong>sanctuarii</strong></span> <span class='ocrx_word' id='word_1_56' title='bbox 1341 737 1611 803; x_wconf 82' lang='lat' dir='ltr'><strong>utroque</strong></span> <span class='ocrx_word' id='word_1_57' title='bbox 1686 726 1879 785; x_wconf 80' lang='lat' dir='ltr'><strong>latere</strong></span> <span class='ocrx_word' id='word_1_58' title='bbox 1949 727 2261 801; x_wconf 75' lang='lat' dir='ltr'><strong>Imagines</strong></span> 
     </span>
     <span class='ocr_line' id='line_1_9' title="bbox 322 790 2261 878; baseline -0.001 -15"><span class='ocrx_word' id='word_1_59' title='bbox 322 790 502 863; x_wconf 39' lang='lat'><strong>‘¹⁰¹³&#39;</strong></span> <span class='ocrx_word' id='word_1_60' title='bbox 597 805 832 867; x_wconf 82' lang='lat' dir='ltr'><strong>Christi</strong></span> <span class='ocrx_word' id='word_1_61' title='bbox 874 806 1166 872; x_wconf 86' lang='lat' dir='ltr'><strong>Domini,</strong></span> <span class='ocrx_word' id='word_1_62' title='bbox 1220 822 1291 864; x_wconf 88' lang='lat' dir='ltr'><strong>ac</strong></span> <span class='ocrx_word' id='word_1_63' title='bbox 1347 808 1543 863; x_wconf 83' lang='lat' dir='ltr'><strong>Beatae</strong></span> <span class='ocrx_word' id='word_1_64' title='bbox 1596 804 1899 877; x_wconf 78' lang='lat' dir='ltr'><strong>VirginiS‚</strong></span> <span class='ocrx_word' id='word_1_65' title='bbox 1956 812 2022 861; x_wconf 84' lang='lat' dir='ltr'><strong>et</strong></span> <span class='ocrx_word' id='word_1_66' title='bbox 2068 822 2261 878; x_wconf 90' lang='lat' dir='ltr'><strong>super</strong></span> 
     </span>
    </p>

    <p class='ocr_par' dir='ltr' id='par_1_5' title="bbox 597 878 2259 1111">
     <span class='ocr_line' id='line_1_10' title="bbox 599 878 2257 949; baseline -0.001 -10"><span class='ocrx_word' id='word_1_67' title='bbox 599 880 802 949; x_wconf 79' lang='lat' dir='ltr'><strong>Altari</strong></span> <span class='ocrx_word' id='word_1_68' title='bbox 829 886 1093 943; x_wconf 81' lang='lat' dir='ltr'>Crucem</span> <span class='ocrx_word' id='word_1_69' title='bbox 1118 881 1243 939; x_wconf 70' lang='lat' dir='ltr'><strong>una</strong></span> <span class='ocrx_word' id='word_1_70' title='bbox 1274 900 1413 939; x_wconf 88' lang='lat' dir='ltr'><strong>cum</strong></span> <span class='ocrx_word' id='word_1_71' title='bbox 1442 878 1626 939; x_wconf 87' lang='lat' dir='ltr'><strong>Libro</strong></span> <span class='ocrx_word' id='word_1_72' title='bbox 1656 879 2025 938; x_wconf 85' lang='lat' dir='ltr'><strong>Sanctorum</strong></span> <span class='ocrx_word' id='word_1_73' title='bbox 2052 883 2257 938; x_wconf 79' lang='lat' dir='ltr'><strong>Evan-</strong></span> 
     </span>
     <span class='ocr_line' id='line_1_11' title="bbox 597 956 2257 1033; baseline -0.002 -16"><span class='ocrx_word' id='word_1_74' title='bbox 597 956 902 1033; x_wconf 85' lang='lat' dir='ltr'><strong>geliorum</strong></span> <span class='ocrx_word' id='word_1_75' title='bbox 939 958 1322 1018; x_wconf 83' lang='lat' dir='ltr'><strong>constituant</strong></span> <span class='ocrx_word' id='word_1_76' title='bbox 1351 976 1369 1015; x_wconf 73' lang='grc' dir='ltr'><strong><em>ε</em></strong></span> <span class='ocrx_word' id='word_1_77' title='bbox 1414 957 1805 1031; x_wconf 53' lang='grc' dir='ltr'><strong>Ιη,1,γωι·3ἰει</strong></span> <span class='ocrx_word' id='word_1_78' title='bbox 1839 974 1989 1015; x_wconf 85' lang='lat' dir='ltr'><strong>vero</strong></span> <span class='ocrx_word' id='word_1_79' title='bbox 2020 958 2257 1031; x_wconf 87' lang='lat' dir='ltr'><strong>Copto·</strong></span> 
     </span>
     <span class='ocr_line' id='line_1_12' title="bbox 600 1031 2259 1111; baseline -0.002 -17"><span class='ocrx_word' id='word_1_80' title='bbox 600 1033 905 1106; x_wconf 85' lang='lat' dir='ltr'><strong>Arabica,</strong></span> <span class='ocrx_word' id='word_1_81' title='bbox 947 1052 1083 1111; x_wconf 79' lang='lat' dir='ltr'><strong>quae</strong></span> <span class='ocrx_word' id='word_1_82' title='bbox 1119 1032 1445 1109; x_wconf 81' lang='lat' dir='ltr'><strong>desumpta</strong></span> <span class='ocrx_word' id='word_1_83' title='bbox 1490 1052 1568 1093; x_wconf 82' lang='lat' dir='ltr'><strong>ex</strong></span> <span class='ocrx_word' id='word_1_84' title='bbox 1601 1032 2035 1107; x_wconf 83' lang='lat' dir='ltr'><strong>manuscriptis</strong></span> <span class='ocrx_word' id='word_1_85' title='bbox 2068 1031 2259 1092; x_wconf 88' lang='lat' dir='ltr'><strong>Codi-</strong></span> 
     </span>
    </p>

    <p class='ocr_par' dir='ltr' id='par_1_6' title="bbox 602 1104 2259 1188">
     <span class='ocr_line' id='line_1_13' title="bbox 602 1104 2259 1188; baseline -0.001 -19"><span class='ocrx_word' id='word_1_86' title='bbox 602 1109 776 1169; x_wconf 87' lang='lat' dir='ltr'><strong>cibus</strong></span> <span class='ocrx_word' id='word_1_87' title='bbox 808 1110 1121 1171; x_wconf 81' lang='lat' dir='ltr'><strong>Vaticanis</strong></span> <span class='ocrx_word' id='word_1_88' title='bbox 1155 1111 1447 1186; x_wconf 80' lang='lat' dir='ltr'><strong>impressa</strong></span> <span class='ocrx_word' id='word_1_89' title='bbox 1476 1108 1597 1167; x_wconf 82' lang='lat' dir='ltr'><strong>fuit</strong></span> <span class='ocrx_word' id='word_1_90' title='bbox 1628 1128 1793 1168; x_wconf 80' lang='lat' dir='ltr'><strong>anno</strong></span> <span class='ocrx_word' id='word_1_91' title='bbox 1828 1104 1994 1188; x_wconf 82' lang='lat'><strong>1736.</strong></span> <span class='ocrx_word' id='word_1_92' title='bbox 2018 1108 2085 1167; x_wconf 90' lang='lat' dir='ltr'><strong>in</strong></span> <span class='ocrx_word' id='word_1_93' title='bbox 2115 1106 2259 1168; x_wconf 80' lang='lat' dir='ltr'><strong>Col-</strong></span> 
     </span>
    </p>

    <p class='ocr_par' dir='ltr' id='par_1_7' title="bbox 603 1182 2259 1262">
     <span class='ocr_line' id='line_1_14' title="bbox 603 1182 2259 1262; baseline -0.003 -15"><span class='ocrx_word' id='word_1_94' title='bbox 603 1186 764 1262; x_wconf 81' lang='lat' dir='ltr'><strong>legio</strong></span> <span class='ocrx_word' id='word_1_95' title='bbox 793 1185 1054 1247; x_wconf 88' lang='lat' dir='ltr'><strong>Urbano</strong></span> <span class='ocrx_word' id='word_1_96' title='bbox 1079 1185 1156 1245; x_wconf 90' lang='lat' dir='ltr'><strong>de</strong></span> <span class='ocrx_word' id='word_1_97' title='bbox 1196 1190 1313 1245; x_wconf 88' lang='lat' dir='ltr'><strong>Pro</strong></span> <span class='ocrx_word' id='word_1_98' title='bbox 1358 1183 1597 1260; x_wconf 85' lang='lat' dir='ltr'><strong>aganda</strong></span> <span class='ocrx_word' id='word_1_99' title='bbox 1622 1184 1771 1243; x_wconf 87' lang='lat' dir='ltr'><strong>Fide</strong></span> <span class='ocrx_word' id='word_1_100' title='bbox 1796 1230 1813 1255; x_wconf 88' lang='lat'>‚</span> <span class='ocrx_word' id='word_1_101' title='bbox 1840 1204 1887 1259; x_wconf 86' lang='lat' dir='ltr'><strong>p</strong></span> <span class='ocrx_word' id='word_1_102' title='bbox 1972 1224 1989 1241; x_wconf 89' lang='lat'><strong>.</strong></span> <span class='ocrx_word' id='word_1_103' title='bbox 2021 1182 2122 1242; x_wconf 83' lang='lat'><strong>33.</strong></span> <span class='ocrx_word' id='word_1_104' title='bbox 2164 1185 2259 1243; x_wconf 87' lang='lat' dir='ltr'><strong>in-</strong></span> 
     </span>
    </p>

    <p class='ocr_par' dir='ltr' id='par_1_8' title="bbox 601 1260 2263 1331">
     <span class='ocr_line' id='line_1_15' title="bbox 601 1260 2263 1331; baseline -0.003 -7"><span class='ocrx_word' id='word_1_105' title='bbox 601 1262 834 1324; x_wconf 88' lang='lat' dir='ltr'><strong>dicitur</strong></span> <span class='ocrx_word' id='word_1_106' title='bbox 865 1262 1185 1323; x_wconf 83' lang='lat' dir='ltr'><strong>Sacerdoti</strong></span> <span class='ocrx_word' id='word_1_107' title='bbox 1238 1282 1309 1321; x_wconf 90' lang='lat' dir='ltr'><strong>ce</strong></span> <span class='ocrx_word' id='word_1_108' title='bbox 1333 1260 1611 1331; x_wconf 87' lang='lat' dir='ltr'><strong>ebranti‚</strong></span> <span class='ocrx_word' id='word_1_109' title='bbox 1657 1271 1731 1321; x_wconf 84' lang='lat' dir='ltr'><strong>ut</strong></span> <span class='ocrx_word' id='word_1_110' title='bbox 1760 1266 1919 1321; x_wconf 87' lang='lat' dir='ltr'><strong>Bene</strong></span> <span class='ocrx_word' id='word_1_111' title='bbox 1966 1262 2263 1319; x_wconf 85' lang='lat' dir='ltr'><strong>ictionem</strong></span> 
     </span>
    </p>

    <p class='ocr_par' dir='ltr' id='par_1_9' title="bbox 605 1336 2261 1415">
     <span class='ocr_line' id='line_1_16' title="bbox 605 1336 2261 1415; baseline -0.002 -16"><span class='ocrx_word' id='word_1_112' title='bbox 605 1358 749 1399; x_wconf 87' lang='lat' dir='ltr'><strong>cum</strong></span> <span class='ocrx_word' id='word_1_113' title='bbox 785 1344 986 1400; x_wconf 90' lang='lat' dir='ltr'><strong>Cruce</strong></span> <span class='ocrx_word' id='word_1_114' title='bbox 1025 1336 1259 1415; x_wconf 87' lang='lat' dir='ltr'><strong>Populo</strong></span> <span class='ocrx_word' id='word_1_115' title='bbox 1284 1338 1637 1413; x_wconf 86' lang='lat' dir='ltr'><strong>impertiat,</strong></span> <span class='ocrx_word' id='word_1_116' title='bbox 1662 1357 1797 1397; x_wconf 86' lang='lat' dir='ltr'><strong>eam</strong></span> <span class='ocrx_word' id='word_1_117' title='bbox 1823 1337 2048 1397; x_wconf 88' lang='lat' dir='ltr'><strong>deinde</strong></span> <span class='ocrx_word' id='word_1_118' title='bbox 2082 1356 2261 1396; x_wconf 81' lang='lat' dir='ltr'><strong>oscu-</strong></span> 
     </span>
    </p>

    <p class='ocr_par' dir='ltr' id='par_1_10' title="bbox 603 1411 2263 1492">
     <span class='ocr_line' id='line_1_17' title="bbox 603 1411 2263 1492; baseline -0.002 -17"><span class='ocrx_word' id='word_1_119' title='bbox 603 1414 774 1475; x_wconf 86' lang='lat' dir='ltr'><strong>letur</strong></span> <span class='ocrx_word' id='word_1_120' title='bbox 798 1460 816 1486; x_wconf 90' lang='lat'><strong>,</strong></span> <span class='ocrx_word' id='word_1_121' title='bbox 852 1436 924 1475; x_wconf 87' lang='lat' dir='ltr'><strong>ac</strong></span> <span class='ocrx_word' id='word_1_122' title='bbox 962 1412 1235 1477; x_wconf 78' lang='lat' dir='ltr'><strong>Diacono</strong></span> <span class='ocrx_word' id='word_1_123' title='bbox 1274 1413 1519 1485; x_wconf 80' lang='lat' dir='ltr'><strong>tradat,</strong></span> <span class='ocrx_word' id='word_1_124' title='bbox 1560 1415 1667 1490; x_wconf 84' lang='lat' dir='ltr'><strong>qui</strong></span> <span class='ocrx_word' id='word_1_125' title='bbox 1707 1416 1901 1492; x_wconf 85' lang='lat' dir='ltr'><strong>ipsam</strong></span> <span class='ocrx_word' id='word_1_126' title='bbox 1938 1434 2125 1490; x_wconf 85' lang='lat' dir='ltr'><strong>super</strong></span> <span class='ocrx_word' id='word_1_127' title='bbox 2156 1411 2263 1475; x_wconf 70' lang='lat' dir='ltr'><strong>Al-</strong></span> 
     </span>
    </p>

    <p class='ocr_par' dir='ltr' id='par_1_11' title="bbox 606 1490 2261 1555">
     <span class='ocr_line' id='line_1_18' title="bbox 606 1490 2261 1555; baseline -0.001 -5"><span class='ocrx_word' id='word_1_128' title='bbox 606 1493 734 1551; x_wconf 82' lang='lat' dir='ltr'><strong>tari</strong></span> <span class='ocrx_word' id='word_1_129' title='bbox 769 1490 1031 1553; x_wconf 83' lang='lat' dir='ltr'><strong>collocat</strong></span> <span class='ocrx_word' id='word_1_130' title='bbox 1069 1514 1090 1553; x_wconf 72' lang='grc' dir='ltr'><strong><em>ε</em></strong></span> <span class='ocrx_word' id='word_1_131' title='bbox 1131 1498 1445 1555; x_wconf 86' lang='lat' dir='ltr'><strong>Postremo</strong></span> <span class='ocrx_word' id='word_1_132' title='bbox 1487 1490 1665 1551; x_wconf 85' lang='lat' dir='ltr'><strong>Ritus</strong></span> <span class='ocrx_word' id='word_1_133' title='bbox 1696 1491 1959 1549; x_wconf 82' lang='lat' dir='ltr'><strong>Siriacus</strong></span> <span class='ocrx_word' id='word_1_134' title='bbox 1992 1492 2261 1549; x_wconf 84' lang='lat' dir='ltr'><strong>Maroni-</strong></span> 
     </span>
    </p>

    <p class='ocr_par' dir='ltr' id='par_1_12' title="bbox 605 1566 2267 1720">
     <span class='ocr_line' id='line_1_19' title="bbox 608 1566 2267 1645; baseline -0.002 -18"><span class='ocrx_word' id='word_1_135' title='bbox 608 1576 831 1635; x_wconf 81' lang='lat' dir='ltr'><strong>tarum.</strong></span> <span class='ocrx_word' id='word_1_136' title='bbox 852 1568 1067 1629; x_wconf 89' lang='lat' dir='ltr'><strong>eadem</strong></span> <span class='ocrx_word' id='word_1_137' title='bbox 1134 1586 1341 1634; x_wconf 79' lang='lat' dir='ltr'><strong>rursus</strong></span> <span class='ocrx_word' id='word_1_138' title='bbox 1362 1567 1639 1627; x_wconf 85' lang='lat' dir='ltr'><strong>decernit</strong></span> <span class='ocrx_word' id='word_1_139' title='bbox 1660 1608 1674 1635; x_wconf 90' lang='lat'><em>,</em></span> <span class='ocrx_word' id='word_1_140' title='bbox 1715 1587 1847 1645; x_wconf 85' lang='lat' dir='ltr'><strong>quae</strong></span> <span class='ocrx_word' id='word_1_141' title='bbox 1877 1568 1941 1625; x_wconf 86' lang='lat' dir='ltr'><strong>in</strong></span> <span class='ocrx_word' id='word_1_142' title='bbox 1975 1566 2267 1629; x_wconf 84' lang='lat' dir='ltr'><strong>Rubricis</strong></span> 
     </span>
     <span class='ocr_line' id='line_1_20' title="bbox 605 1642 2262 1720; baseline -0.002 -17"><span class='ocrx_word' id='word_1_143' title='bbox 605 1644 875 1703; x_wconf 80' lang='lat' dir='ltr'><strong>Romani</strong></span> <span class='ocrx_word' id='word_1_144' title='bbox 902 1647 1080 1705; x_wconf 81' lang='lat' dir='ltr'><strong>Missa</strong></span> <span class='ocrx_word' id='word_1_145' title='bbox 1108 1648 1156 1703; x_wconf 89' lang='lat' dir='ltr'><strong>is</strong></span> <span class='ocrx_word' id='word_1_146' title='bbox 1180 1643 1494 1720; x_wconf 68' lang='lat' dir='ltr'><strong>praescribi</strong></span> <span class='ocrx_word' id='word_1_147' title='bbox 1520 1644 1799 1719; x_wconf 84' lang='lat' dir='ltr'><strong>superius</strong></span> <span class='ocrx_word' id='word_1_148' title='bbox 1830 1642 2262 1703; x_wconf 83' lang='lat' dir='ltr'><strong>indicavimus.</strong></span> 
     </span>
    </p>

    <p class='ocr_par' dir='ltr' id='par_1_13' title="bbox 610 1718 2263 1798">
     <span class='ocr_line' id='line_1_21' title="bbox 610 1718 2263 1798; baseline -0.002 -17"><span class='ocrx_word' id='word_1_149' title='bbox 610 1722 771 1781; x_wconf 76' lang='lat' dir='ltr'><strong>Nam</strong></span> <span class='ocrx_word' id='word_1_150' title='bbox 795 1718 1150 1779; x_wconf 87' lang='lat' dir='ltr'><strong>Patriarcha</strong></span> <span class='ocrx_word' id='word_1_151' title='bbox 1169 1719 1519 1798; x_wconf 83' lang='lat' dir='ltr'><strong>Stephanus</strong></span> <span class='ocrx_word' id='word_1_152' title='bbox 1540 1719 1643 1777; x_wconf 81' lang='lat' dir='ltr'><strong>lib.</strong></span> <span class='ocrx_word' id='word_1_153' title='bbox 1676 1720 1734 1779; x_wconf 82' lang='lat'><strong>3.</strong></span> <span class='ocrx_word' id='word_1_154' title='bbox 1757 1729 1929 1776; x_wconf 77' lang='lat' dir='ltr'><strong>tract.</strong></span> <span class='ocrx_word' id='word_1_155' title='bbox 1958 1718 2018 1777; x_wconf 89' lang='grc'><strong>3.</strong></span> <span class='ocrx_word' id='word_1_156' title='bbox 2036 1729 2183 1776; x_wconf 69' lang='lat' dir='ltr'><strong>sect.</strong></span> <span class='ocrx_word' id='word_1_157' title='bbox 2201 1718 2263 1793; x_wconf 72' lang='grc'><strong>4.</strong></span> 
     </span>
    </p>

    <p class='ocr_par' dir='ltr' id='par_1_14' title="bbox 509 1793 2263 1950">
     <span class='ocr_line' id='line_1_22' title="bbox 509 1793 2263 1872; baseline -0.002 -17"><span class='ocrx_word' id='word_1_158' title='bbox 509 1794 516 1807; x_wconf 91' lang='grc'><em>“</em></span> <span class='ocrx_word' id='word_1_159' title='bbox 609 1796 700 1855; x_wconf 86' lang='lat' dir='ltr'><strong>ita</strong></span> <span class='ocrx_word' id='word_1_160' title='bbox 740 1795 1039 1872; x_wconf 83' lang='lat' dir='ltr'><strong>scriptum</strong></span> <span class='ocrx_word' id='word_1_161' title='bbox 1072 1793 1321 1872; x_wconf 85' lang='lat' dir='ltr'><strong>reliquit</strong></span> <span class='ocrx_word' id='word_1_162' title='bbox 1361 1817 1379 1858; x_wconf 74' lang='lat'>2</span> <span class='ocrx_word' id='word_1_163' title='bbox 1424 1797 1567 1853; x_wconf 74' lang='lat' dir='ltr'><strong>Mos</strong></span> <span class='ocrx_word' id='word_1_164' title='bbox 1592 1795 1699 1851; x_wconf 78' lang='lat' dir='ltr'><strong>iste</strong></span> <span class='ocrx_word' id='word_1_165' title='bbox 1731 1798 1795 1852; x_wconf 82' lang='lat' dir='ltr'><strong>in</strong></span> <span class='ocrx_word' id='word_1_166' title='bbox 1832 1794 2105 1852; x_wconf 69' lang='lat' dir='ltr'><strong>omnibus</strong></span> <span class='ocrx_word' id='word_1_167' title='bbox 2140 1796 2263 1852; x_wconf 85' lang='lat' dir='ltr'><strong>Ec·</strong></span> 
     </span>
     <span class='ocr_line' id='line_1_23' title="bbox 610 1870 2262 1950; baseline 0 -23"><span class='ocrx_word' id='word_1_168' title='bbox 610 1870 806 1927; x_wconf 69' lang='lat' dir='ltr'><strong>etesiis</strong></span> <span class='ocrx_word' id='word_1_169' title='bbox 854 1870 1122 1945; x_wconf 73' lang='lat' dir='ltr'><strong>inolevit,</strong></span> <span class='ocrx_word' id='word_1_170' title='bbox 1157 1884 1227 1927; x_wconf 75' lang='lat' dir='ltr'><strong>ut</strong></span> <span class='ocrx_word' id='word_1_171' title='bbox 1262 1892 1443 1949; x_wconf 79' lang='lat' dir='ltr'><strong>super</strong></span> <span class='ocrx_word' id='word_1_172' title='bbox 1487 1870 1723 1931; x_wconf 62' lang='lat' dir='ltr'><strong>Altaria</strong></span> <span class='ocrx_word' id='word_1_173' title='bbox 1748 1870 2013 1950; x_wconf 82' lang='lat' dir='ltr'><strong>gradum</strong></span> <span class='ocrx_word' id='word_1_174' title='bbox 2050 1870 2262 1928; x_wconf 77' lang='lat' dir='ltr'><strong>saluti·</strong></span> 
     </span>
    </p>

    <p class='ocr_par' dir='ltr' id='par_1_15' title="bbox 595 1944 2267 2255">
     <span class='ocr_line' id='line_1_24' title="bbox 595 1944 2267 2025; baseline 0.003 -22"><span class='ocrx_word' id='word_1_175' title='bbox 595 1944 760 2025; x_wconf 75' lang='lat' dir='ltr'><strong>firoe</strong></span> <span class='ocrx_word' id='word_1_176' title='bbox 790 1945 992 2004; x_wconf 71' lang='lat' dir='ltr'><strong>Crucis</strong></span> <span class='ocrx_word' id='word_1_177' title='bbox 1015 1948 1303 2009; x_wconf 71' lang='lat' dir='ltr'><strong>vexillum</strong></span> <span class='ocrx_word' id='word_1_178' title='bbox 1326 1948 1654 2010; x_wconf 79' lang='lat' dir='ltr'><strong>collocetur.</strong></span> <span class='ocrx_word' id='word_1_179' title='bbox 1686 1954 1762 2010; x_wconf 88' lang='lat' dir='ltr'><strong>In</strong></span> <span class='ocrx_word' id='word_1_180' title='bbox 1796 1948 2267 2022; x_wconf 75' lang='lat' dir='ltr'><strong>synodo-etiam</strong></span> 
     </span>
     <span class='ocr_line' id='line_1_25' title="bbox 611 2021 2266 2108; baseline -0.001 -22"><span class='ocrx_word' id='word_1_181' title='bbox 611 2022 964 2097; x_wconf 79' lang='lat' dir='ltr'><strong>Nationali,</strong></span> <span class='ocrx_word' id='word_1_182' title='bbox 1000 2045 1136 2102; x_wconf 78' lang='lat' dir='ltr'><strong>quae</strong></span> <span class='ocrx_word' id='word_1_183' title='bbox 1169 2035 1381 2086; x_wconf 82' lang='lat' dir='ltr'><strong>coacta</strong></span> <span class='ocrx_word' id='word_1_184' title='bbox 1404 2025 1527 2088; x_wconf 83' lang='lat' dir='ltr'><strong>fuit</strong></span> <span class='ocrx_word' id='word_1_185' title='bbox 1557 2044 1719 2082; x_wconf 81' lang='lat' dir='ltr'><strong>anno</strong></span> <span class='ocrx_word' id='word_1_186' title='bbox 1754 2021 1922 2108; x_wconf 78' lang='lat'><strong>1736.</strong></span> <span class='ocrx_word' id='word_1_187' title='bbox 1956 2028 2023 2086; x_wconf 88' lang='lat' dir='ltr'><strong>in</strong></span> <span class='ocrx_word' id='word_1_188' title='bbox 2056 2031 2266 2086; x_wconf 76' lang='lat' dir='ltr'><strong>Monte</strong></span> 
     </span>
     <span class='ocr_line' id='line_1_26' title="bbox 614 2099 2263 2180; baseline 0.001 -22"><span class='ocrx_word' id='word_1_189' title='bbox 614 2099 890 2174; x_wconf 88' lang='lat' dir='ltr'><strong>Libano,</strong></span> <span class='ocrx_word' id='word_1_190' title='bbox 928 2121 1116 2178; x_wconf 83' lang='lat' dir='ltr'><strong>quam</strong></span> <span class='ocrx_word' id='word_1_191' title='bbox 1159 2103 1375 2162; x_wconf 87' lang='lat' dir='ltr'><strong>Literis</strong></span> <span class='ocrx_word' id='word_1_192' title='bbox 1415 2099 1775 2180; x_wconf 78' lang='lat' dir='ltr'><strong>Apostolicis</strong></span> <span class='ocrx_word' id='word_1_193' title='bbox 1816 2105 1938 2163; x_wconf 85' lang='lat' dir='ltr'><strong>Nos</strong></span> <span class='ocrx_word' id='word_1_194' title='bbox 1974 2103 2089 2178; x_wconf 91' lang='lat' dir='ltr'><strong>ipsi</strong></span> <span class='ocrx_word' id='word_1_195' title='bbox 2121 2120 2263 2160; x_wconf 87' lang='lat' dir='ltr'><strong>con·</strong></span> 
     </span>
     <span class='ocr_line' id='line_1_27' title="bbox 615 2176 2265 2255; baseline -0.001 -17"><span class='ocrx_word' id='word_1_196' title='bbox 615 2176 1031 2252; x_wconf 84' lang='lat' dir='ltr'><strong>firmavimus,</strong></span> <span class='ocrx_word' id='word_1_197' title='bbox 1051 2198 1195 2255; x_wconf 80' lang='lat' dir='ltr'><strong>par.</strong></span> <span class='ocrx_word' id='word_1_198' title='bbox 1228 2197 1287 2237; x_wconf 80' lang='lat'><strong>2.</strong></span> <span class='ocrx_word' id='word_1_199' title='bbox 1306 2197 1443 2255; x_wconf 86' lang='lat' dir='ltr'><strong>cap.</strong></span> <span class='ocrx_word' id='word_1_200' title='bbox 1472 2177 1563 2237; x_wconf 86' lang='lat'><strong>13.</strong></span> <span class='ocrx_word' id='word_1_201' title='bbox 1581 2176 1655 2232; x_wconf 84' lang='lat' dir='ltr'><strong>de</strong></span> <span class='ocrx_word' id='word_1_202' title='bbox 1682 2179 2066 2236; x_wconf 79' lang='lat' dir='ltr'><strong>Sacmsancto</strong></span> <span class='ocrx_word' id='word_1_203' title='bbox 2106 2179 2265 2236; x_wconf 80' lang='lat' dir='ltr'><strong>Mis-</strong></span> 
     </span>
    </p>

    <p class='ocr_par' dir='ltr' id='par_1_16' title="bbox 615 2251 2274 2330">
     <span class='ocr_line' id='line_1_28' title="bbox 615 2251 2274 2330; baseline -0.001 -19"><span class='ocrx_word' id='word_1_204' title='bbox 615 2275 707 2312; x_wconf 75' lang='lat' dir='ltr'><strong>soe</strong></span> <span class='ocrx_word' id='word_1_205' title='bbox 749 2254 1049 2329; x_wconf 78' lang='lat' dir='ltr'><strong>Sacnfieio</strong></span> <span class='ocrx_word' id='word_1_206' title='bbox 1095 2275 1236 2314; x_wconf 82' lang='lat' dir='ltr'><strong>can.</strong></span> <span class='ocrx_word' id='word_1_207' title='bbox 1277 2251 1341 2313; x_wconf 88' lang='grc'><strong>8.</strong></span> <span class='ocrx_word' id='word_1_208' title='bbox 1391 2255 1477 2315; x_wconf 88' lang='lat' dir='ltr'><strong>ita</strong></span> <span class='ocrx_word' id='word_1_209' title='bbox 1520 2255 1824 2314; x_wconf 87' lang='lat' dir='ltr'><strong>sancitum</strong></span> <span class='ocrx_word' id='word_1_210' title='bbox 1869 2264 1963 2312; x_wconf 88' lang='lat' dir='ltr'><strong>est</strong></span> <span class='ocrx_word' id='word_1_211' title='bbox 2015 2276 2035 2311; x_wconf 81' lang='lat'><strong>.-</strong></span> <span class='ocrx_word' id='word_1_212' title='bbox 2082 2255 2274 2330; x_wconf 79' lang='lat' dir='ltr'><strong>Super</strong></span> 
     </span>
    </p>

    <p class='ocr_par' dir='ltr' id='par_1_17' title="bbox 619 2329 2268 2398">
     <span class='ocr_line' id='line_1_29' title="bbox 619 2329 2268 2398; baseline -0.001 -8"><span class='ocrx_word' id='word_1_213' title='bbox 619 2329 834 2391; x_wconf 71' lang='lat' dir='ltr'><strong>Altam</strong></span> <span class='ocrx_word' id='word_1_214' title='bbox 873 2331 1186 2392; x_wconf 78' lang='lat' dir='ltr'><strong>collocetur</strong></span> <span class='ocrx_word' id='word_1_215' title='bbox 1225 2331 1381 2392; x_wconf 71' lang='lat' dir='ltr'><strong>cmx</strong></span> <span class='ocrx_word' id='word_1_216' title='bbox 1426 2331 1493 2386; x_wconf 79' lang='lat' dir='ltr'><strong>in</strong></span> <span class='ocrx_word' id='word_1_217' title='bbox 1530 2329 1721 2386; x_wconf 77' lang='lat' dir='ltr'><strong>medio</strong></span> <span class='ocrx_word' id='word_1_218' title='bbox 1746 2373 1761 2398; x_wconf 82' lang='lat'><strong>,</strong></span> <span class='ocrx_word' id='word_1_219' title='bbox 1796 2341 1855 2386; x_wconf 79' lang='lat' dir='ltr'><strong>ec</strong></span> <span class='ocrx_word' id='word_1_220' title='bbox 1896 2329 2268 2388; x_wconf 73' lang='lat' dir='ltr'><strong>candelabra</strong></span> 
     </span>
    </p>

    <p class='ocr_par' dir='ltr' id='par_1_18' title="bbox 617 2405 2266 2476">
     <span class='ocr_line' id='line_1_30' title="bbox 617 2405 2266 2476; baseline 0.001 -15"><span class='ocrx_word' id='word_1_221' title='bbox 617 2405 831 2463; x_wconf 73' lang='lat' dir='ltr'><strong>saltem</strong></span> <span class='ocrx_word' id='word_1_222' title='bbox 866 2406 986 2476; x_wconf 78' lang='lat' dir='ltr'><strong>duo</strong></span> <span class='ocrx_word' id='word_1_223' title='bbox 1029 2428 1170 2466; x_wconf 82' lang='lat' dir='ltr'><strong>cum</strong></span> <span class='ocrx_word' id='word_1_224' title='bbox 1212 2405 1489 2466; x_wconf 68' lang='lat' dir='ltr'><strong>candelis</strong></span> <span class='ocrx_word' id='word_1_225' title='bbox 1524 2407 1787 2467; x_wconf 68' lang='lat' dir='ltr'><strong>accensi-s</strong></span> <span class='ocrx_word' id='word_1_226' title='bbox 1850 2405 1995 2463; x_wconf 81' lang='lat' dir='ltr'><strong>hinc</strong></span> <span class='ocrx_word' id='word_1_227' title='bbox 2032 2417 2095 2462; x_wconf 76' lang='lat' dir='ltr'><strong>ec</strong></span> <span class='ocrx_word' id='word_1_228' title='bbox 2128 2406 2266 2464; x_wconf 79' lang='lat' dir='ltr'><strong>inde</strong></span> 
     </span>
    </p>

    <p class='ocr_par' dir='ltr' id='par_1_19' title="bbox 610 2481 2295 2560">
     <span class='ocr_line' id='line_1_31' title="bbox 610 2481 2295 2560; baseline 0.001 -22"><span class='ocrx_word' id='word_1_229' title='bbox 610 2481 687 2536; x_wconf 84' lang='lat' dir='ltr'><strong>in</strong></span> <span class='ocrx_word' id='word_1_230' title='bbox 729 2491 975 2560; x_wconf 78' lang='lat' dir='ltr'><strong>utroque</strong></span> <span class='ocrx_word' id='word_1_231' title='bbox 1015 2487 1143 2559; x_wconf 75' lang='lat' dir='ltr'><strong>ejus</strong></span> <span class='ocrx_word' id='word_1_232' title='bbox 1173 2485 1377 2544; x_wconf 65' lang='lat' dir='ltr'><strong>heere.</strong></span> <span class='ocrx_word' id='word_1_233' title='bbox 2250 2483 2295 2533; x_wconf 78' lang='lat'><strong>⁸.</strong></span> 
     </span>
    </p>

    <p class='ocr_par' dir='ltr' id='par_1_20' title="bbox 316 2555 2271 3248">
     <span class='ocr_line' id='line_1_32' title="bbox 347 2555 2263 2639; baseline 0.004 -30"><span class='ocrx_word' id='word_1_234' title='bbox 347 2561 426 2637; x_wconf 62' lang='lat' dir='ltr'><strong>pe</strong></span> <span class='ocrx_word' id='word_1_235' title='bbox 457 2574 592 2626; x_wconf 81' lang='lat' dir='ltr'><strong>quae-</strong></span> <span class='ocrx_word' id='word_1_236' title='bbox 693 2557 1036 2632; x_wconf 81' lang='lat' dir='ltr'><strong>Scriptores</strong></span> <span class='ocrx_word' id='word_1_237' title='bbox 1055 2604 1072 2631; x_wconf 87' lang='lat'>‚</span> <span class='ocrx_word' id='word_1_238' title='bbox 1101 2561 1215 2639; x_wconf 82' lang='lat' dir='ltr'><strong>qui</strong></span> <span class='ocrx_word' id='word_1_239' title='bbox 1253 2579 1457 2629; x_wconf 81' lang='lat' dir='ltr'><strong>sacros</strong></span> <span class='ocrx_word' id='word_1_240' title='bbox 1488 2559 1643 2620; x_wconf 86' lang='lat' dir='ltr'><strong>ritus</strong></span> <span class='ocrx_word' id='word_1_241' title='bbox 1668 2555 2088 2634; x_wconf 76' lang='lat' dir='ltr'><strong>explicarunt,</strong></span> <span class='ocrx_word' id='word_1_242' title='bbox 2113 2577 2263 2617; x_wconf 90' lang='lat' dir='ltr'><strong>non-</strong></span> 
     </span>
     <span class='ocr_line' id='line_1_33' title="bbox 317 2628 2269 2721; baseline 0.002 -31"><span class='ocrx_word' id='word_1_243' title='bbox 317 2635 494 2702; x_wconf 70' lang='lat' dir='ltr'><strong>⁶t¹⁰t19</strong></span> <span class='ocrx_word' id='word_1_244' title='bbox 533 2639 600 2674; x_wconf 69' lang='lat'><strong>⁸²²</strong></span> <span class='ocrx_word' id='word_1_245' title='bbox 623 2628 824 2721; x_wconf 40' lang='lat' dir='ltr'><strong>nul-las</strong></span> <span class='ocrx_word' id='word_1_246' title='bbox 839 2631 1291 2710; x_wconf 79' lang='lat' dir='ltr'><strong>disputationes</strong></span> <span class='ocrx_word' id='word_1_247' title='bbox 1312 2637 1689 2708; x_wconf 74' lang='lat' dir='ltr'><strong>instituunt3</strong></span> <span class='ocrx_word' id='word_1_248' title='bbox 1714 2653 1784 2695; x_wconf 86' lang='lat' dir='ltr'><strong>ac</strong></span> <span class='ocrx_word' id='word_1_249' title='bbox 1800 2636 2036 2712; x_wconf 89' lang='lat' dir='ltr'><strong>primo,</strong></span> <span class='ocrx_word' id='word_1_250' title='bbox 2056 2644 2269 2694; x_wconf 87' lang='lat' dir='ltr'><strong>utrum</strong></span> 
     </span>
     <span class='ocr_line' id='line_1_34' title="bbox 316 2690 2267 2782; baseline 0.001 -14"><span class='ocrx_word' id='word_1_251' title='bbox 316 2690 548 2742; x_wconf 70' lang='lat' dir='ltr'><strong>sufficiat</strong></span> <span class='ocrx_word' id='word_1_252' title='bbox 623 2717 768 2768; x_wconf 78' lang='lat' dir='ltr'><strong>satis</strong></span> <span class='ocrx_word' id='word_1_253' title='bbox 809 2709 892 2770; x_wconf 84' lang='lat' dir='ltr'><strong>sit</strong></span> <span class='ocrx_word' id='word_1_254' title='bbox 926 2709 1161 2773; x_wconf 82' lang='lat' dir='ltr'><strong>nudam</strong></span> <span class='ocrx_word' id='word_1_255' title='bbox 1208 2715 1471 2770; x_wconf 87' lang='lat' dir='ltr'><strong>Crucem</strong></span> <span class='ocrx_word' id='word_1_256' title='bbox 1504 2714 1568 2774; x_wconf 89' lang='lat' dir='ltr'><strong>in</strong></span> <span class='ocrx_word' id='word_1_257' title='bbox 1600 2709 1802 2772; x_wconf 83' lang='lat' dir='ltr'><strong>Altari</strong></span> <span class='ocrx_word' id='word_1_258' title='bbox 1841 2721 2149 2782; x_wconf 73' lang='lat' dir='ltr'><strong>statuane,</strong></span> <span class='ocrx_word' id='word_1_259' title='bbox 2188 2732 2267 2770; x_wconf 85' lang='lat' dir='ltr'><strong>an</strong></span> 
     </span>
     <span class='ocr_line' id='line_1_35' title="bbox 318 2757 2271 2878; baseline 0.001 -34"><span class='ocrx_word' id='word_1_260' title='bbox 318 2757 600 2878; x_wconf 47' lang='lat' dir='ltr'><strong>2⁵:3⁹2}ss</strong></span> <span class='ocrx_word' id='word_1_261' title='bbox 621 2789 832 2860; x_wconf 85' lang='lat' dir='ltr'><strong>Imago</strong></span> <span class='ocrx_word' id='word_1_262' title='bbox 842 2783 1137 2848; x_wconf 62' lang='lat' dir='ltr'><strong>“Crucifixi</strong></span> <span class='ocrx_word' id='word_1_263' title='bbox 1153 2786 1434 2849; x_wconf 86' lang='lat' dir='ltr'><strong>addenda</strong></span> <span class='ocrx_word' id='word_1_264' title='bbox 1448 2785 1629 2848; x_wconf 87' lang='lat' dir='ltr'><strong>simul</strong></span> <span class='ocrx_word' id='word_1_265' title='bbox 1642 2787 1947 2850; x_wconf 83' lang='lat' dir='ltr'><strong>videatur.</strong></span> <span class='ocrx_word' id='word_1_266' title='bbox 1967 2786 2271 2862; x_wconf 82' lang='lat' dir='ltr'><strong>Equidem</strong></span> 
     </span>
     <span class='ocr_line' id='line_1_36' title="bbox 318 2861 2267 2957; baseline 0 -35"><span class='ocrx_word' id='word_1_267' title='bbox 318 2891 495 2957; x_wconf 77' lang='lat' dir='ltr'><strong>nuda,</strong></span> <span class='ocrx_word' id='word_1_268' title='bbox 518 2893 601 2942; x_wconf 83' lang='lat' dir='ltr'><strong>vel</strong></span> <span class='ocrx_word' id='word_1_269' title='bbox 622 2861 908 2924; x_wconf 84' lang='lat' dir='ltr'><strong>Rubricae</strong></span> <span class='ocrx_word' id='word_1_270' title='bbox 944 2861 1200 2926; x_wconf 85' lang='lat' dir='ltr'><strong>Missalis</strong></span> <span class='ocrx_word' id='word_1_271' title='bbox 1236 2861 1429 2928; x_wconf 85' lang='lat' dir='ltr'><strong>solam</strong></span> <span class='ocrx_word' id='word_1_272' title='bbox 1459 2869 1725 2926; x_wconf 85' lang='lat' dir='ltr'><strong>Crucem</strong></span> <span class='ocrx_word' id='word_1_273' title='bbox 1754 2876 2267 2926; x_wconf 83' lang='lat' dir='ltr'><strong>commemorant.</strong></span> 
     </span>
     <span class='ocr_line' id='line_1_37' title="bbox 317 2939 2269 3018; baseline 0 -18"><span class='ocrx_word' id='word_1_274' title='bbox 317 2960 506 3009; x_wconf 78' lang='lat' dir='ltr'><strong>debent</strong></span> <span class='ocrx_word' id='word_1_275' title='bbox 524 2975 601 3010; x_wconf 78' lang='lat' dir='ltr'><strong>es·</strong></span> <span class='ocrx_word' id='word_1_276' title='bbox 625 2943 785 3000; x_wconf 90' lang='lat' dir='ltr'><strong>Cum</strong></span> <span class='ocrx_word' id='word_1_277' title='bbox 821 2950 1032 3002; x_wconf 87' lang='lat' dir='ltr'><strong>tamen</strong></span> <span class='ocrx_word' id='word_1_278' title='bbox 1065 2939 1502 3002; x_wconf 78' lang='lat' dir='ltr'><strong>Caeremoniale</strong></span> <span class='ocrx_word' id='word_1_279' title='bbox 1532 2941 1971 3018; x_wconf 83' lang='lat' dir='ltr'><strong>Episcoporum</strong></span> <span class='ocrx_word' id='word_1_280' title='bbox 2004 2945 2269 3002; x_wconf 87' lang='lat' dir='ltr'><strong>Crucem</strong></span> 
     </span>
     <span class='ocr_line' id='line_1_38' title="bbox 322 3018 2271 3103; baseline 0.002 -29"><span class='ocrx_word' id='word_1_281' title='bbox 322 3041 380 3074; x_wconf 80' lang='lat' dir='ltr'><strong>se</strong></span> <span class='ocrx_word' id='word_1_282' title='bbox 445 3042 567 3103; x_wconf 71' lang='lat' dir='ltr'><strong>eum</strong></span> <span class='ocrx_word' id='word_1_283' title='bbox 625 3037 786 3094; x_wconf 18' lang='lat' dir='ltr'><strong>unat,</strong></span> <span class='ocrx_word' id='word_1_284' title='bbox 839 3027 902 3078; x_wconf 87' lang='lat' dir='ltr'><strong>et</strong></span> <span class='ocrx_word' id='word_1_285' title='bbox 943 3019 1325 3079; x_wconf 75' lang='lat' dir='ltr'><strong>crucifixum</strong></span> <span class='ocrx_word' id='word_1_286' title='bbox 1376 3020 1685 3090; x_wconf 82' lang='lat' dir='ltr'><strong>nominet,</strong></span> <span class='ocrx_word' id='word_1_287' title='bbox 1724 3018 1913 3095; x_wconf 80' lang='lat' dir='ltr'><strong>idque</strong></span> <span class='ocrx_word' id='word_1_288' title='bbox 1952 3019 2271 3078; x_wconf 88' lang='lat' dir='ltr'><strong>communi</strong></span> 
     </span>
     <span class='ocr_line' id='line_1_39' title="bbox 319 3089 2271 3167; baseline -0.001 -13"><span class='ocrx_word' id='word_1_289' title='bbox 319 3089 905 3154; x_wconf 62' lang='lat' dir='ltr'><strong>eruetha-Ecclesiae</strong></span> <span class='ocrx_word' id='word_1_290' title='bbox 945 3094 1381 3156; x_wconf 85' lang='lat' dir='ltr'><strong>consuetudini</strong></span> <span class='ocrx_word' id='word_1_291' title='bbox 1414 3105 1903 3156; x_wconf 86' lang='lat' dir='ltr'><strong>consentaneum</strong></span> <span class='ocrx_word' id='word_1_292' title='bbox 1948 3095 2067 3167; x_wconf 88' lang='lat' dir='ltr'><strong>sit,</strong></span> <span class='ocrx_word' id='word_1_293' title='bbox 2110 3095 2271 3155; x_wconf 82' lang='lat' dir='ltr'><strong>hanc</strong></span> 
     </span>
     <span class='ocr_line' id='line_1_40' title="bbox 623 3170 2267 3248; baseline 0.002 -19"><span class='ocrx_word' id='word_1_294' title='bbox 623 3170 764 3230; x_wconf 89' lang='lat' dir='ltr'><strong>ideo</strong></span> <span class='ocrx_word' id='word_1_295' title='bbox 811 3175 1182 3232; x_wconf 84' lang='lat' dir='ltr'><strong>sententiam</strong></span> <span class='ocrx_word' id='word_1_296' title='bbox 1224 3171 1607 3248; x_wconf 85' lang='lat' dir='ltr'><strong>probandam</strong></span> <span class='ocrx_word' id='word_1_297' title='bbox 1652 3191 1836 3230; x_wconf 88' lang='lat' dir='ltr'><strong>nemo</strong></span> <span class='ocrx_word' id='word_1_298' title='bbox 1876 3173 2123 3247; x_wconf 85' lang='lat' dir='ltr'><strong>sapiens</strong></span> <span class='ocrx_word' id='word_1_299' title='bbox 2156 3171 2267 3232; x_wconf 90' lang='lat' dir='ltr'><strong>du·</strong></span> 
     </span>
    </p>

    <p class='ocr_par' dir='ltr' id='par_1_21' title="bbox 621 3246 2273 3322">
     <span class='ocr_line' id='line_1_41' title="bbox 621 3246 2273 3322; baseline 0.001 -18"><span class='ocrx_word' id='word_1_300' title='bbox 621 3246 873 3315; x_wconf 81' lang='lat' dir='ltr'><strong>bitabit.</strong></span> <span class='ocrx_word' id='word_1_301' title='bbox 932 3253 1027 3307; x_wconf 88' lang='lat' dir='ltr'><strong>Ita</strong></span> <span class='ocrx_word' id='word_1_302' title='bbox 1086 3251 1365 3322; x_wconf 68' lang='lat' dir='ltr'><strong>sentiunt</strong></span> <span class='ocrx_word' id='word_1_303' title='bbox 1419 3252 1737 3310; x_wconf 72' lang='lat' dir='ltr'><strong>Gavantus</strong></span> <span class='ocrx_word' id='word_1_304' title='bbox 1782 3292 1800 3319; x_wconf 88' lang='lat'>‚</span> <span class='ocrx_word' id='word_1_305' title='bbox 1854 3246 2157 3308; x_wconf 84' lang='lat' dir='ltr'><strong>Claudius</strong></span> <span class='ocrx_word' id='word_1_306' title='bbox 2214 3247 2273 3306; x_wconf 85' lang='lat' dir='ltr'><strong>la</strong></span> 
     </span>
    </p>

    <p class='ocr_par' dir='ltr' id='par_1_22' title="bbox 621 3323 2273 3404">
     <span class='ocr_line' id='line_1_42' title="bbox 621 3323 2273 3404; baseline -0.001 -22"><span class='ocrx_word' id='word_1_307' title='bbox 621 3324 812 3382; x_wconf 82' lang='lat' dir='ltr'><strong>Croix</strong></span> <span class='ocrx_word' id='word_1_308' title='bbox 840 3366 858 3392; x_wconf 79' lang='grc'>,</span> <span class='ocrx_word' id='word_1_309' title='bbox 903 3325 1010 3398; x_wconf 86' lang='lat' dir='ltr'><strong>qui</strong></span> <span class='ocrx_word' id='word_1_310' title='bbox 1049 3323 1152 3382; x_wconf 82' lang='lat' dir='ltr'><strong>lib.</strong></span> <span class='ocrx_word' id='word_1_311' title='bbox 1198 3323 1257 3382; x_wconf 87' lang='lat'><strong>6.</strong></span> <span class='ocrx_word' id='word_1_312' title='bbox 1285 3345 1429 3404; x_wconf 83' lang='lat' dir='ltr'><strong>par.</strong></span> <span class='ocrx_word' id='word_1_313' title='bbox 1476 3343 1535 3386; x_wconf 80' lang='lat'><strong>2.</strong></span> <span class='ocrx_word' id='word_1_314' title='bbox 1584 3323 1659 3380; x_wconf 84' lang='lat' dir='ltr'><strong>de</strong></span> <span class='ocrx_word' id='word_1_315' title='bbox 1712 3323 2013 3398; x_wconf 66' lang='lat' dir='ltr'><strong>Sam-fficio</strong></span> <span class='ocrx_word' id='word_1_316' title='bbox 2050 3326 2273 3382; x_wconf 77' lang='lat' dir='ltr'><strong>Missoe</strong></span> 
     </span>
    </p>

    <p class='ocr_par' dir='ltr' id='par_1_23' title="bbox 619 3398 2271 3480">
     <span class='ocr_line' id='line_1_43' title="bbox 619 3398 2271 3480; baseline 0.001 -24"><span class='ocrx_word' id='word_1_317' title='bbox 619 3417 793 3458; x_wconf 71' lang='lat' dir='ltr'><strong>num,</strong></span> <span class='ocrx_word' id='word_1_318' title='bbox 835 3398 970 3458; x_wconf 73' lang='grc' dir='ltr'><strong>διδ.</strong></span> <span class='ocrx_word' id='word_1_319' title='bbox 1006 3399 1283 3478; x_wconf 68' lang='lat' dir='ltr'><strong>fatetur‚‘</strong></span> <span class='ocrx_word' id='word_1_320' title='bbox 1318 3402 1399 3464; x_wconf 91' lang='lat' dir='ltr'><strong>ob</strong></span> <span class='ocrx_word' id='word_1_321' title='bbox 1442 3412 1713 3465; x_wconf 88' lang='lat' dir='ltr'><strong>veterem</strong></span> <span class='ocrx_word' id='word_1_322' title='bbox 1752 3419 2271 3480; x_wconf 85' lang='lat' dir='ltr'><strong>communemque</strong></span> 
     </span>
    </p>
   </div>
   <div class='ocr_carea' id='block_1_3' title="bbox 603 3469 660 3588">
    <p class='ocr_par' dir='ltr' id='par_1_24' title="bbox 603 3469 660 3588">
     <span class='ocr_line' id='line_1_44' title="bbox 603 3469 660 3588; baseline 0 0"><span class='ocrx_word' id='word_1_323' title='bbox 603 3469 660 3588; x_wconf 69' lang='grc' dir='ltr'><strong>«Ι</strong></span> 
     </span>
    </p>
   </div>
  </div>
 </body>
</html>
