2400 3996
302 260 401 317 Po
424 276 464 317 u
485 276 543 316 -ϊ,

304 328 544 386 A.-v1¹.

602 134 735 205 334„
1133 139 1474 205 Bms'tmc‘l
1492 158 1518 203 1
1557 134 1734 203 xlv.

642 268 675 307 fl

682 248 733 306 ri
756 246 962 306 *etiam
998 258 1297 325 perpetuo
1343 249 1697 320 exiwimm,
1743 256 1804 307 et
1845 244 2132 308 totaliter
2161 248 2229 309 li·

648 344 913 385 eramus.

345 486 581 555 Quanta.
622 494 629 501 ·
680 474 943 554 Illasque
971 479 1056 537 sic
1094 488 1434 556 exemptas,
1477 488 1536 537 et
1581 476 1853 537 totaliter
1889 475 2180 537 liberatas
2219 524 2235 547 ,

306 562 385 607 ²0⁸
410 561 463 607 0²
506 556 583 619 ju.
606 565 892 632 quartam
952 556 1236 616 videlicet
1289 558 1350 615 in
1407 576 1594 614 tinam
1657 556 2073 691 Golasiensem
2123 575 2240 632 pro

304 622 479 674 risdict
490 622 542 675 io

306 689 547 743 Praelato-

310 774 447 809 rum·

608 653 734 691 uno
766 634 1134 710 Goiasiensi‚
1185 644 1248 693 et
1295 633 1575 711 quintam
1613 632 1675 690 in
1716 654 1750 691 a
1779 644 1972 692 teram
2022 631 2239 692 Praela-

607 718 777 769 turas
807 708 1036 769 nullius
1080 711 1359 770 Dioecesis
1396 709 1835 788 Cujabaensem
1876 726 2244 787 nuncupan-

604 785 713 845 das
751 805 863 862 pro
897 786 1093 848 altero
1119 788 1481 862 Presbytero
1521 784 1947 858 saecularibus,
1990 784 2090 847 vel
2133 806 2240 847 cu·

602 866 791 941 jusvis
838 864 1088 927 Ordinis
1127 864 1530 941 Regularibus
1569 862 1834 924 Praelatis
1867 864 2243 941 Cujabaensi

605 943 1031 1019 nuncupandis
1078 944 1141 1001 in
1200 940 1580 1018 Theologia,
1637 962 1744 1000 seu
1795 942 2063 1001 Decretis
2101 960 2240 1016 gra-

604 1016 807 1077 duatis
835 1064 850 1091 ‚
897 1018 991 1078 vel
1036 1018 1184 1079 alias
1236 1021 1465 1098 praevio
1505 1020 1814 1092 examine,
1855 1038 1960 1078 seu
2008 1019 2244 1096 judicio

606 1095 925 1155 Ordinarii
962 1098 1091 1169 sui,
1128 1116 1233 1156 seu
1270 1097 1583 1159 Ordinarii
1615 1093 1768 1164 loci,
1813 1096 1874 1155 in
1918 1114 2042 1172 quo
2077 1096 2246 1172 ipsos

609 1175 945 1249 respective
982 1176 1236 1234 existere
1275 1194 1388 1253 pro
1419 1180 1698 1252 tempore
1723 1173 2046 1249 contigerit
2070 1214 2085 1241 ,
2131 1171 2242 1232 ha·

607 1248 869 1323 bilibus,
919 1260 981 1309 et
1024 1250 1256 1311 idoneis
1299 1252 1376 1311 ad
1422 1248 1571 1311 alios
1618 1249 1986 1310 docendum·
2015 1269 2240 1327 appro-

607 1327 799 1400 batis,
841 1348 912 1388 ac
943 1348 1054 1403 per
1102 1330 1300 1406 ipsum
1337 1334 1632 1389 ,loannem
1655 1372 1672 1401 ,
1709 1338 1772 1387 et
1809 1346 1924 1404 pro
1963 1336 2244 1403 tempore

606 1407 961 1465 existentem
1014 1404 1390 1483 Portugalliae
1409 1448 1425 1477 ‚
1461 1414 1522 1465 et
1552 1402 1982 1481 Algarbiorum
2013 1406 2248 1480 Regem

606 1485 917 1559 perpetuis
958 1482 1181 1542 futuris
1229 1481 1604 1560 temporibus
1643 1484 1832 1541 etiam
1875 1480 1991 1540 hac
2039 1486 2248 1559 prima

610 1563 741 1621 vice
775 1559 964 1619 libere
988 1604 1003 1632 ‚
1046 1557 1280 1619 nullius
1314 1561 1390 1619 ad
1424 1560 1538 1619 hoc
1583 1561 1876 1635 requisito
1908 1578 2248 1633 consensu,

609 1626 801 1695 etiani
855 1635 933 1696 ad
980 1646 1221 1714 tempus
1265 1636 1378 1696 sibi
1429 1636 1786 1696 benevisum
1831 1634 2246 1713 deputandis,

612 1724 674 1773 et
716 1714 1161 1773 constituendis
1199 1758 1216 1783 ‚
1265 1716 1371 1790 qui
1413 1714 1876 1791 deputationum
1911 1756 1948 1785 ‚·
1977 1722 2042 1772 et
2097 1732 2250 1773 con·

612 1792 1008 1850 stitutionum
1052 1789 1403 1868 hujusmodi
1441 1792 1650 1867 vigore
1695 1790 1926 1867 absque
1966 1789 2081 1850 alia
2120 1794 2244 1850 Ro·

546 1935 560 1945 ,
614 1858 1103 1927 mani'Pontificis
1120 1913 1135 1941 ,
1156 1886 1268 1927 seu
1293 1867 1528 1945 praefati
1556 1866 2008 1945 Archiepiscopi
2037 1868 2246 1927 Sancti

612 1943 978 2018 Salvatoris,
1026 1954 1134 2004 aut
1174 1946 1441 2023 cuiusvis
1479 1943 1728 2006 alterius
1767 1945 2243 2023 approbatione,

612 2023 1122 2097 confirmatione,
1166 2020 1449 2096 licentia,
1479 2021 1572 2082 vel
1616 2043 1912 2084 consensu
1937 2068 1952 2094 ‚
1995 2043 2244 2096 curam,

614 2103 921 2177 regimen,
963 2111 1027 2159 et
1078 2099 1671 2161 administrationem
1729 2102 2132 2178 GojasiensiS,
2181 2110 2249 2160 et

614 2177 1010 2257 Cujabaensis
1028 2179 1500 2238 Territoriorum
1519 2178 1908 2257 praefatorum
1930 2223 1947 2249 ,
1959 2197 2028 2236 ac
2043 2176 2248 2248 Cleri,

613 2266 677 2315 et
720 2255 927 2332 Populi
975 2265 1100 2314 tam
1153 2255 1529 2324 Christiani,
1579 2275 1764 2333 quam
1801 2253 2092 2327 GentiliS,
2133 2273 2248 2314 nec

566 2373 573 2380 -
616 2353 739 2394 non
775 2332 1158 2412 Oppidorurn
1183 2379 1200 2405 ,
1226 2331 1553 2393 Terrarum
1585 2379 1602 2405 ,
1636 2341 1697 2391 et
1717 2338 2009 2391 Locorum
2043 2333 2106 2391 iu
2143 2351 2246 2391 eo·

617 2411 897 2470 rumdem
936 2412 1409 2471 Territoriorum
1435 2408 1736 2470 limitibus
1763 2454 1780 2483 ,
1824 2410 2136 2480 termium,
2184 2419 2250 2468 et

615 2485 763 2544 locis
826 2489 1092 2563 praefatis
1142 2489 1477 2565 respective
1528 2487 1991 2547 consistentium
2043 2505 2242 2563 respe-

616 2564 777 2621 ctive
808 2563 1034 2622 habere
1058 2609 1070 2628 ,
1110 2573 1171 2624 et
1215 2564 1364 2624 inibi
1405 2566 1736 2643 respective
1771 2564 2141 2640 praedicare,
2183 2573 2248 2622 et

612 2639 928 2716 praedieari
966 2641 1169 2700 facere
1196 2686 1215 2712 ,
1259 2640 1649 2720 Gentilesque
1685 2641 1968 2719 praefatos
2007 2639 2083 2700 ad
2125 2641 2246 2701 Or·

616 2715 895 2776 thodoxae
950 2715 1117 2775 Fidei
1161 2715 1392 2778 cultum
1452 2728 1826 2781 convertere·
1862 2737 2198 2795 procurare
2227 2763 2248 2790 ,

618 2804 681 2853 et
726 2795 1033 2854 conversis
1066 2794 1129 2852 iu
1167 2793 1377 2853 eadem
1407 2795 1554 2856 Fide
1593 2798 1972 2869 ministrare,
2008 2805 2070 2854 et
2099 2814 2246 2854 con-

614 2869 864 2944 firmare
888 2915 903 2943 ,
941 2881 1127 2949 atque
1163 2873 1450 2950 Baptismi
1485 2875 1772 2952 gratiam,
1810 2880 1872 2932 et
1901 2871 2245 2932 Confirma-

619 2949 803 3010 tionis
848 2953 1305 3010 Sacramentum
1341 2951 1726 3028 impendere,
1751 2959 1813 3009 et
1847 2960 1972 3009 tam
2013 2947 2133 3009 illis
2164 2950 2252 3010 sic

538 3091 551 3100 ,
617 3029 961 3100 conversis,
993 3047 1177 3105 quam
1206 3026 1491 3088 omnibus
1519 3026 1650 3088 aliis
1679 3025 1989 3087 Fidelibus
2009 3027 2073 3086 in
2098 3029 2248 3086 Ter-

612 3104 853 3164 ·ritoriis
896 3103 1245 3182 hujusmodi
1283 3149 1300 3173 ,
1363 3125 1699 3182 eorumque
1746 3104 2083 3182 respective
2123 3095 2250 3182 Op·

619 3181 780 3256 pidis
808 3227 825 3254 ‚
853 3184 1057 3240 Terris
1083 3223 1099 3252 ‚
1136 3179 1314 3244 Villis
1336 3226 1352 3253 ‚
1391 3183 1559 3244 Locis
1585 3228 1602 3254 ‚
1644 3191 1705 3241 et
1749 3179 2046 3242 limitibus
2139 3199 2248 3240 rav.-

618 3257 762 3315 fatis
843 3277 911 3316 ro
948 3267 1226 3334 tempore
1264 3258 1621 3336 degentibus
1647 3304 1664 3331 ‚
1701 3268 1772 3319 et
1811 3258 1888 3318 ad
1942 3278 2014 3318 ea
2110 3255 2248 3318 ecli-

619 3277 915 3392 nantiEus
952 3337 1341 3396 Sacramenta
1371 3335 1778 3396 Ecclesiastica
1809 3383 1826 3408 ,
1867 3346 1929 3395 et
1969 3333 2088 3394 alia
2130 3338 2248 3412 spi·

618 3408 869 3472 ritualia
907 3431 1193 3481 munera,
1237 3433 1362 3474 non
1393 3423 1598 3474 tamen
1631 3434 1736 3484 ea,
1772 3433 1906 3492 quae
1949 3423 2098 3477 sunt
2133 3415 2252 3474 Or-
