2400 3996
675 191 682 195 '
703 187 1156 254 BULLAmUm
1616 161 1749 281 259·

119 295 580 358 Canoniza'tione
597 341 614 368 ,
640 293 944 372 simulque
975 307 1251 358 maturas
1269 293 1741 360 deliberationes
1793 311 1845 369 Α
1858 325 1899 367 1«
1912 327 1951 368 ῃ
1964 329 2004 369 0
2030 299 2037 305 ’

116 394 282 450 super
305 390 524 432 eorum
553 374 788 432 meritis
806 417 822 446 ,
849 383 910 432 et
941 369 1251 436 miraculis
1280 373 1595 451 hucusque
1620 377 1741 436 rite

24 477 27 492 ε
115 449 470 524 praehabitas
486 494 503 522 ,
532 447 720 509 Nobis
746 451 1243 526 repraesentavit}
1270 454 1513 528 Nosque
1528 450 1737 524 semel,

115 527 327 584 iterum
347 569 362 594 ,
407 546 480 584 ac
521 527 712 584 tertio
740 527 1008 602 rogavit,
1033 536 1106 586 ut
1130 537 1477 603 exoptatam
1501 528 1739 589 dudum

117 603 468 662 sententiam
482 602 864 678 proferentes
884 645 896 665 .
919 601 1225 662 Catholici
1241 603 1427 665 Orbis
1446 606 1740 681 gaudium

123 677 572 754 compleremus.
610 685 814 754 Quare
847 683 1002 755 Nos,
1039 677 1371 756 implorato
1408 684 1579 758 prius
1602 682 1738 741 uni-

120 773 286 815 versae
339 754 619 814 Caelestis
675 757 876 814 Curiae
936 757 1254 833 praesidio,
1314 767 1375 817 et
1436 758 1743 817 advocato

122 849 242 890 cum
277 831 602 907 gemitibus
640 830 938 891 Paraclito
976 833 1241 908 Spiritu,
1283 853 1479 910 eoque
1503 835 1587 894 sic
1618 836 1737 910 spi-

123 917 316 981 rante,
359 908 438 966 ad
477 907 776 966 honorem
813 911 1080 980 Sanctae,
1116 921 1178 968 et
1216 909 1557 972 Individuae
1604 912 1739 970 Tri-

125 986 318 1042 nitatis
341 1028 358 1057 ‚
409 982 490 1042 ad
533 982 967 1044 exaltationem.
1016 985 1188 1045 Fidei
1246 986 1612 1058 Catholicae,
1676 997 1745 1046 et

124 1059 470 1120 Christianae
517 1059 849 1136 Religionis
889 1071 1322 1136 augmentum,
1370 1065 1741 1123 auctoritate

125 1138 346 1194 Domini
389 1139 596 1196 Nostri
635 1143 775 1196 Jesu
809 1137 1075 1211 Christi,
1117 1143 1445 1198 Beatorum
1476 1145 1735 1216 Aposto-

1831 376 1980 447 1746.

127 1208 336 1271 lorum·
368 1215 531 1272 Petri
574 1222 637 1270 et
688 1210 896 1284 Pauli,
952 1233 1022 1272 ac
1070 1217 1325 1290 Nostra,
1384 1217 1738 1291 praedictam
1762 1222 2039 1275 Decretum

128 1292 634 1348 CATHARINAM
668 1293 769 1348 DE
813 1293 1104 1350 RICCIIS
1128 1293 1476 1372 Virginem,
1510 1293 1737 1351 Monia-
1762 1287 1993 1339 definiti·

126 1361 228 1424 lem
260 1365 594 1425 Professam
629 1365 876 1425 Ordinis
901 1367 1371 1428 Praedicator-um
1396 1409 1412 1440 ‚
1442 1367 1738 1428 Christia-
1764 1371 1911 1408 ”²¹¹¹-

128 1459 338 1500 narum·
370 1444 674 1502 virtutum
713 1445 1100 1518 praestantia,
1143 1463 1214 1502 ac
1246 1441 1739 1503 Coelestiumdo,

129 1536 328 1576 norum
355 1563 372 1590 ‚
415 1527 479 1576 et
503 1517 942 1579 miraculorum
985 1517 1177 1596 gloria
1218 1517 1555 1591 illustrem,
1592 1523 1737 1581 San·

131 1602 271 1654 ctam
311 1613 435 1654 esse
475 1593 826 1654 definiendo
863 1596 1448 1673 pronunciavimus.;
1488 1607 1584 1669 et,
1614 1597 1741 1656 una

130 1689 250 1728 cum
287 1671 590 1747 praedictis
614 1669 810 1730 Fideli
853 1677 1155 1746 martyre,
1193 1669 1491 1745 Camillo,
1525 1678 1739 1746 Petro,

131 1755 181 1804 et
211 1746 470 1823 Josepho
504 1745 998 1826 Confessoribus‚
1033 1747 1459 1822 Ecclesiasticis
1490 1753 1738 1810 Sancto·

130 1841 250 1881 rum
293 1825 485 1883 Fastis
524 1824 951 1899 adscripsimus
971 1869 992 1899 ,
1035 1825 1429 1886 decernentes
1460 1827 1644 1902 ipsius
1675 1827 1736 1885 S.

129 1901 584 1959 CATHARINAE
609 1902 966 1960 memoriam
999 1905 1329 1978 quotannis
1350 1902 1451 1961 die
1474 1901 1741 1962 secunda

129 1973 427 2036 Februarii
449 2022 466 2049 ‚
486 1974 870 2052 aliorumque
887 1981 1249 2039 Sanctorum
1269 1977 1703 2056 praedictorum
1723 2024 1740 2053 ‚

31 2092 42 2105 .
133 2048 250 2111 aliis
275 2055 610 2129 respective
646 2052 862 2113 diebus
881 2098 898 2125 ,
930 2055 992 2114 in
1021 2058 1311 2126 universa
1350 2055 1613 2116 Ecclesia
1648 2076 1740 2115 re-

131 2125 462 2200 colendam,
495 2141 560 2189 et
593 2129 1010 2191 venerandam
1051 2151 1213 2208 esse;
1246 2142 1309 2193 et
1342 2132 1746 2191 concedentes

133 2204 396 2265 omnibus
432 2206 984 2277 christifidelibus,
1057 2209 1119 2266 ui
1161 2206 1241 2266 ad
1284 2228 1499 2265 eorum
1532 2206 1743 2286 Sepul?

132 2280 260 2341 chra
315 2281 644 2358 designatis
687 2282 903 2342 diebus
961 2302 1028 2341 re
1053 2286 1237 2359 igiose
1298 2282 1589 2342 accedent
1611 2326 1627 2355 ,
1676 2302 1747 2341 ac

132 2360 300 2417 Deum
349 2361 670 2434 Optimum
709 2360 1038 2419 Maximum
1087 2366 1257 2435 iuxta
1304 2362 1589 2419 Nostram
1618 2402 1635 2431 ‚
1682 2368 1747 2417 et

131 2433 228 2508 piae
259 2437 470 2494 Matris
534 2434 814 2495 Ecclesiae
865 2444 1135 2497 mentem
1181 2435 1415 2513 precati
1474 2435 1745 2508 fuerint,

24 2516 26 2571 i
131 2509 558 2587 Indulgentiam
581 2522 811 2589 septem
838 2531 1144 2571 annorum
1165 2556 1182 2583 ,
1210 2523 1271 2571 et
1300 2509 1561 2571 totidem
1584 2518 1748 2586 Qua-

24 2606 26 2613 ·
135 2583 522 2664 dragenarum
544 2632 562 2663 ,
601 2590 664 2647 in
705 2592 1110 2673 perpetuum,
1147 2590 1213 2649 in
1239 2588 1438 2649 forma
1473 2586 1748 2649 Ecclesiae

136 2674 426 2725 consueta.
586 2712 592 2718 .

197 2743 360 2801 'runc
411 2738 716 2815 repletum
771 2750 862 2801 est
905 2740 1128 2818 gaudio
1191 2760 1259 2803 os
1304 2754 1584 2805 nostrum
1611 2790 1628 2819 ‚
1684 2758 1748 2807 et

138 2810 324 2892 lingua
363 2826 576 2877 nostra
615 2815 992 2878 exultatione
1024 2862 1041 2891 ,
1071 2818 1535 2895 -reddentesque
1560 2818 1745 2882 Altis÷

133 2890 266 2953 simo
310 2902 458 2955 vota
506 2904 716 2952 nostra
746 2938 762 2966 ‚
815 2897 1277 2953 Sacrosanctum
1334 2893 1546 2955 Altare
1601 2916 1745 2957 con·

134 2968 484 3043 scendimus,
525 2979 712 3047 atque
739 2967 1192 3029 immaculatam
1218 2969 1501 3029 humanae
1534 2970 1748 3033 salutis

132 3045 380 3105 Hostiam
402 3090 419 3119 ,
459 3052 674 3123 juncta
715 3046 1210 3105 Beatissimorum
1238 3044 1531 3104 -Ecclesiae
1572 3049 1741 3107 Prin·

24 3156 26 3167 ·
131 3117 347 3194 cipum,
389 3130 452 3181 et
495 3121 930 3197 praedictorum
953 3124 1321 3181 'Sanctorum
1359 3125 1742 3183 Commemo-

24 3214 27 3253 ζ
129 3196 348 3257 ratione
377 3243 398 3271 ,
455 3199 886 3275 Omnipotenti
934 3197 1410 3258 Deo-bonorum
1466 3200 1743 3272 omnium

131 3272 406 3347 Largitori
436 3286 790 3334 reverenter
829 3272 1186 3351 obtulimus.
1243 3272 1548 3335 Omnibus
1588 3292 1741 3352 quo-

132 3362 237 3436 que
259 3348 770 3417 Christifidelibus
793 3395 812 3427 ,
851 3350 960 3438 qui
991 3348 1070 3414 ad
1115 3360 1302 3415 tantae
1341 3350 1745 3418 solemnitatis
