<?xml version="1.0" encoding="UTF-8"?>
<!DOCTYPE html PUBLIC "-//W3C//DTD XHTML 1.0 Transitional//EN"
    "http://www.w3.org/TR/xhtml1/DTD/xhtml1-transitional.dtd">
<html xmlns="http://www.w3.org/1999/xhtml" xml:lang="en" lang="en">
 <head>
  <title>
</title>
<meta http-equiv="Content-Type" content="text/html;charset=utf-8" />
  <meta name='ocr-system' content='tesseract 3.04.00' />
  <meta name='ocr-capabilities' content='ocr_page ocr_carea ocr_par ocr_line ocrx_word'/>
</head>
<body>
  <div class='ocr_page' id='page_1' title='image "benedictipapaex03xivgoog_0312.png"; bbox 0 0 2400 3996; ppageno 0'>
   <div class='ocr_carea' id='block_1_1' title="bbox 287 265 527 391">
    <p class='ocr_par' dir='ltr' id='par_1_1' title="bbox 287 265 527 391">
     <span class='ocr_line' id='line_1_1' title="bbox 288 265 527 321; baseline -0.008 0"><span class='ocrx_word' id='word_1_1' title='bbox 288 265 335 321; x_wconf 88' lang='lat' dir='ltr'>P</span> <span class='ocrx_word' id='word_1_2' title='bbox 350 281 389 321; x_wconf 90' lang='lat' dir='ltr'>o</span> <span class='ocrx_word' id='word_1_3' title='bbox 406 280 444 319; x_wconf 70' lang='lat' dir='ltr'>a</span> <span class='ocrx_word' id='word_1_4' title='bbox 469 280 527 319; x_wconf 81' lang='lat' dir='ltr'>T.</span> 
     </span>
     <span class='ocr_line' id='line_1_2' title="bbox 287 332 524 391; baseline 0.004 -5"><span class='ocrx_word' id='word_1_5' title='bbox 287 334 359 387; x_wconf 88' lang='lat' dir='ltr'>A.</span> <span class='ocrx_word' id='word_1_6' title='bbox 390 332 524 391; x_wconf 85' lang='lat' dir='ltr'><strong>VII.</strong></span> 
     </span>
    </p>
   </div>
   <div class='ocr_carea' id='block_1_2' title="bbox 585 94 1708 209">
    <p class='ocr_par' dir='ltr' id='par_1_2' title="bbox 585 94 1708 209">
     <span class='ocr_line' id='line_1_3' title="bbox 585 94 1708 209; baseline -0.003 0"><span class='ocrx_word' id='word_1_7' title='bbox 585 140 713 209; x_wconf 78' lang='lat'>306</span> <span class='ocrx_word' id='word_1_8' title='bbox 912 94 933 107; x_wconf 80' lang='lat'><em>.</em></span> <span class='ocrx_word' id='word_1_9' title='bbox 1098 138 1490 209; x_wconf 70' lang='lat' dir='ltr'>Bmmc‘rx</span> <span class='ocrx_word' id='word_1_10' title='bbox 1529 137 1708 206; x_wconf 86' lang='lat' dir='ltr'>XIV.</span> 
     </span>
    </p>
   </div>
   <div class='ocr_carea' id='block_1_3' title="bbox 582 247 2232 1637">
    <p class='ocr_par' dir='ltr' id='par_1_3' title="bbox 582 247 2232 1637">
     <span class='ocr_line' id='line_1_4' title="bbox 583 247 2222 328; baseline 0.002 -18"><span class='ocrx_word' id='word_1_11' title='bbox 583 250 946 328; x_wconf 84' lang='lat' dir='ltr'>cuicumque</span> <span class='ocrx_word' id='word_1_12' title='bbox 961 252 1272 321; x_wconf 64' lang='lat' dir='ltr'>Personae,</span> <span class='ocrx_word' id='word_1_13' title='bbox 1299 249 1428 309; x_wconf 86' lang='lat' dir='ltr'>sive</span> <span class='ocrx_word' id='word_1_14' title='bbox 1455 247 1681 309; x_wconf 85' lang='lat' dir='ltr'>Ordini</span> <span class='ocrx_word' id='word_1_15' title='bbox 1697 294 1714 323; x_wconf 93' lang='lat'>‚</span> <span class='ocrx_word' id='word_1_16' title='bbox 1749 248 2050 309; x_wconf 84' lang='lat' dir='ltr'>Instituto</span> <span class='ocrx_word' id='word_1_17' title='bbox 2073 294 2092 324; x_wconf 91' lang='lat'>,</span> <span class='ocrx_word' id='word_1_18' title='bbox 2123 250 2222 313; x_wconf 86' lang='lat' dir='ltr'>So·</span> 
     </span>
     <span class='ocr_line' id='line_1_5' title="bbox 582 325 2226 405; baseline 0.001 -18"><span class='ocrx_word' id='word_1_19' title='bbox 582 329 789 389; x_wconf 86' lang='lat' dir='ltr'>cietati</span> <span class='ocrx_word' id='word_1_20' title='bbox 810 373 826 399; x_wconf 93' lang='lat'>,</span> <span class='ocrx_word' id='word_1_21' title='bbox 874 339 939 387; x_wconf 85' lang='lat' dir='ltr'>et</span> <span class='ocrx_word' id='word_1_22' title='bbox 989 326 1462 403; x_wconf 80' lang='lat' dir='ltr'>Congregationi</span> <span class='ocrx_word' id='word_1_23' title='bbox 1493 370 1512 399; x_wconf 93' lang='lat'>,</span> <span class='ocrx_word' id='word_1_24' title='bbox 1563 325 1680 386; x_wconf 85' lang='lat' dir='ltr'>sub</span> <span class='ocrx_word' id='word_1_25' title='bbox 1735 325 2226 405; x_wconf 82' lang='lat' dir='ltr'>quibuscumque</span> 
     </span>
     <span class='ocr_line' id='line_1_6' title="bbox 584 402 2222 479; baseline -0.001 -12"><span class='ocrx_word' id='word_1_26' title='bbox 584 404 933 477; x_wconf 87' lang='lat' dir='ltr'>tenoribus,</span> <span class='ocrx_word' id='word_1_27' title='bbox 964 414 1027 463; x_wconf 88' lang='lat' dir='ltr'>et</span> <span class='ocrx_word' id='word_1_28' title='bbox 1058 404 1310 476; x_wconf 86' lang='lat' dir='ltr'>formis,</span> <span class='ocrx_word' id='word_1_29' title='bbox 1349 412 1413 463; x_wconf 88' lang='lat' dir='ltr'>et</span> <span class='ocrx_word' id='word_1_30' title='bbox 1441 422 1584 463; x_wconf 87' lang='lat' dir='ltr'>cum</span> <span class='ocrx_word' id='word_1_31' title='bbox 1624 402 2010 479; x_wconf 79' lang='lat' dir='ltr'><strong>quibuslibet</strong></span> <span class='ocrx_word' id='word_1_32' title='bbox 2059 404 2222 465; x_wconf 85' lang='lat' dir='ltr'>clau·</span> 
     </span>
     <span class='ocr_line' id='line_1_7' title="bbox 585 480 2225 559; baseline 0.001 -18"><span class='ocrx_word' id='word_1_33' title='bbox 585 480 733 542; x_wconf 86' lang='lat' dir='ltr'>sulis</span> <span class='ocrx_word' id='word_1_34' title='bbox 762 524 777 551; x_wconf 90' lang='lat'>,</span> <span class='ocrx_word' id='word_1_35' title='bbox 819 492 1005 559; x_wconf 86' lang='lat' dir='ltr'>atque</span> <span class='ocrx_word' id='word_1_36' title='bbox 1048 480 1344 553; x_wconf 66' lang='lat' dir='ltr'>decretis,</span> <span class='ocrx_word' id='word_1_37' title='bbox 1388 480 1572 539; x_wconf 86' lang='lat' dir='ltr'>etiam</span> <span class='ocrx_word' id='word_1_38' title='bbox 1607 495 1778 540; x_wconf 88' lang='lat' dir='ltr'>motu</span> <span class='ocrx_word' id='word_1_39' title='bbox 1800 525 1816 553; x_wconf 95' lang='lat'>,</span> <span class='ocrx_word' id='word_1_40' title='bbox 1853 490 1918 541; x_wconf 85' lang='lat' dir='ltr'>et</span> <span class='ocrx_word' id='word_1_41' title='bbox 1959 486 2225 558; x_wconf 84' lang='lat' dir='ltr'>Aposto-</span> 
     </span>
     <span class='ocr_line' id='line_1_8' title="bbox 586 555 2225 635; baseline 0 -16"><span class='ocrx_word' id='word_1_42' title='bbox 586 557 715 619; x_wconf 80' lang='lat' dir='ltr'>lieae</span> <span class='ocrx_word' id='word_1_43' title='bbox 754 559 1074 635; x_wconf 83' lang='lat' dir='ltr'>potestatis</span> <span class='ocrx_word' id='word_1_44' title='bbox 1125 555 1512 634; x_wconf 86' lang='lat' dir='ltr'>plenitudine</span> <span class='ocrx_word' id='word_1_45' title='bbox 1549 555 1850 617; x_wconf 83' lang='lat' dir='ltr'>similibus</span> <span class='ocrx_word' id='word_1_46' title='bbox 1882 602 1901 632; x_wconf 93' lang='lat'>‚</span> <span class='ocrx_word' id='word_1_47' title='bbox 1951 559 2018 617; x_wconf 91' lang='lat' dir='ltr'>in</span> <span class='ocrx_word' id='word_1_48' title='bbox 2083 574 2225 619; x_wconf 86' lang='lat' dir='ltr'>con-</span> 
     </span>
     <span class='ocr_line' id='line_1_9' title="bbox 586 633 2226 705; baseline 0 -9"><span class='ocrx_word' id='word_1_49' title='bbox 586 635 846 697; x_wconf 85' lang='lat' dir='ltr'>trarium</span> <span class='ocrx_word' id='word_1_50' title='bbox 886 636 1091 695; x_wconf 78' lang='lat' dir='ltr'><strong>forsan</strong></span> <span class='ocrx_word' id='word_1_51' title='bbox 1126 636 1422 693; x_wconf 78' lang='lat' dir='ltr'>concessis</span> <span class='ocrx_word' id='word_1_52' title='bbox 1447 678 1464 703; x_wconf 93' lang='lat'>,</span> <span class='ocrx_word' id='word_1_53' title='bbox 1491 633 1868 695; x_wconf 82' lang='lat' dir='ltr'>confirmatis</span> <span class='ocrx_word' id='word_1_54' title='bbox 1889 680 1906 705; x_wconf 96' lang='lat'>,</span> <span class='ocrx_word' id='word_1_55' title='bbox 1940 645 2009 694; x_wconf 88' lang='lat' dir='ltr'>et</span> <span class='ocrx_word' id='word_1_56' title='bbox 2043 634 2226 696; x_wconf 91' lang='lat' dir='ltr'>inno-</span> 
     </span>
     <span class='ocr_line' id='line_1_10' title="bbox 585 709 2231 789; baseline 0.001 -17"><span class='ocrx_word' id='word_1_57' title='bbox 585 714 767 773; x_wconf 78' lang='lat' dir='ltr'>vatiS.</span> <span class='ocrx_word' id='word_1_58' title='bbox 811 712 1047 788; x_wconf 83' lang='lat' dir='ltr'>Quibus</span> <span class='ocrx_word' id='word_1_59' title='bbox 1072 710 1362 771; x_wconf 85' lang='lat' dir='ltr'>omnibus</span> <span class='ocrx_word' id='word_1_60' title='bbox 1380 754 1398 785; x_wconf 83' lang='lat'>,</span> <span class='ocrx_word' id='word_1_61' title='bbox 1427 720 1490 771; x_wconf 83' lang='lat' dir='ltr'>et</span> <span class='ocrx_word' id='word_1_62' title='bbox 1517 709 1769 787; x_wconf 84' lang='lat' dir='ltr'>singulis</span> <span class='ocrx_word' id='word_1_63' title='bbox 1795 752 1810 777; x_wconf 83' lang='lat'>‚</span> <span class='ocrx_word' id='word_1_64' title='bbox 1841 712 2081 771; x_wconf 87' lang='lat' dir='ltr'>etiamsi</span> <span class='ocrx_word' id='word_1_65' title='bbox 2107 732 2231 789; x_wconf 80' lang='lat' dir='ltr'>pro</span> 
     </span>
     <span class='ocr_line' id='line_1_11' title="bbox 586 786 2230 868; baseline 0 -19"><span class='ocrx_word' id='word_1_66' title='bbox 586 788 833 849; x_wconf 83' lang='lat' dir='ltr'>illorum</span> <span class='ocrx_word' id='word_1_67' title='bbox 848 788 1171 849; x_wconf 87' lang='lat' dir='ltr'>sufficienti</span> <span class='ocrx_word' id='word_1_68' title='bbox 1196 786 1594 864; x_wconf 72' lang='lat' dir='ltr'>derogatione</span> <span class='ocrx_word' id='word_1_69' title='bbox 1612 833 1629 860; x_wconf 91' lang='lat'>‚</span> <span class='ocrx_word' id='word_1_70' title='bbox 1647 788 1724 848; x_wconf 89' lang='lat' dir='ltr'>de</span> <span class='ocrx_word' id='word_1_71' title='bbox 1747 786 1868 848; x_wconf 87' lang='lat' dir='ltr'>illis</span> <span class='ocrx_word' id='word_1_72' title='bbox 1883 809 2230 868; x_wconf 79' lang='lat' dir='ltr'>eorumque</span> 
     </span>
     <span class='ocr_line' id='line_1_12' title="bbox 584 862 2230 942; baseline 0.001 -16"><span class='ocrx_word' id='word_1_73' title='bbox 584 868 733 926; x_wconf 81' lang='lat' dir='ltr'>totis</span> <span class='ocrx_word' id='word_1_74' title='bbox 795 866 1115 926; x_wconf 80' lang='lat' dir='ltr'>tenoribus</span> <span class='ocrx_word' id='word_1_75' title='bbox 1172 862 1450 942; x_wconf 82' lang='lat' dir='ltr'>specialis</span> <span class='ocrx_word' id='word_1_76' title='bbox 1488 873 1552 925; x_wconf 88' lang='lat' dir='ltr'>et</span> <span class='ocrx_word' id='word_1_77' title='bbox 1603 864 1924 927; x_wconf 83' lang='lat' dir='ltr'>individua</span> <span class='ocrx_word' id='word_1_78' title='bbox 1949 911 1966 933; x_wconf 92' lang='lat'>,</span> <span class='ocrx_word' id='word_1_79' title='bbox 2028 886 2100 925; x_wconf 90' lang='lat' dir='ltr'>ac</span> <span class='ocrx_word' id='word_1_80' title='bbox 2151 866 2230 927; x_wconf 82' lang='lat' dir='ltr'>de</span> 
     </span>
     <span class='ocr_line' id='line_1_13' title="bbox 585 940 2230 1020; baseline -0.001 -15"><span class='ocrx_word' id='word_1_81' title='bbox 585 941 779 1005; x_wconf 83' lang='lat' dir='ltr'>verbo</span> <span class='ocrx_word' id='word_1_82' title='bbox 820 941 895 1002; x_wconf 91' lang='lat' dir='ltr'>ad</span> <span class='ocrx_word' id='word_1_83' title='bbox 936 940 1198 1005; x_wconf 82' lang='lat' dir='ltr'>verbum</span> <span class='ocrx_word' id='word_1_84' title='bbox 1229 986 1248 1014; x_wconf 96' lang='lat'>,</span> <span class='ocrx_word' id='word_1_85' title='bbox 1302 960 1430 1001; x_wconf 85' lang='lat' dir='ltr'>non</span> <span class='ocrx_word' id='word_1_86' title='bbox 1491 953 1702 1003; x_wconf 88' lang='lat' dir='ltr'>autem</span> <span class='ocrx_word' id='word_1_87' title='bbox 1751 962 1863 1020; x_wconf 87' lang='lat' dir='ltr'>per</span> <span class='ocrx_word' id='word_1_88' title='bbox 1923 940 2230 1005; x_wconf 77' lang='lat' dir='ltr'>clausulas</span> 
     </span>
     <span class='ocr_line' id='line_1_14' title="bbox 586 1018 2226 1097; baseline 0.001 -18"><span class='ocrx_word' id='word_1_89' title='bbox 586 1018 894 1097; x_wconf 80' lang='lat' dir='ltr'>generales</span> <span class='ocrx_word' id='word_1_90' title='bbox 924 1019 1083 1080; x_wconf 90' lang='lat' dir='ltr'>idem</span> <span class='ocrx_word' id='word_1_91' title='bbox 1124 1022 1565 1095; x_wconf 81' lang='lat' dir='ltr'>importantes,</span> <span class='ocrx_word' id='word_1_92' title='bbox 1603 1021 1837 1080; x_wconf 84' lang='lat' dir='ltr'>mentio</span> <span class='ocrx_word' id='word_1_93' title='bbox 1861 1064 1879 1093; x_wconf 94' lang='lat'>,</span> <span class='ocrx_word' id='word_1_94' title='bbox 1911 1040 2021 1079; x_wconf 87' lang='lat' dir='ltr'>seu</span> <span class='ocrx_word' id='word_1_95' title='bbox 2061 1040 2226 1096; x_wconf 78' lang='lat' dir='ltr'>quae-</span> 
     </span>
     <span class='ocr_line' id='line_1_15' title="bbox 586 1095 2232 1176; baseline -0.001 -18"><span class='ocrx_word' id='word_1_96' title='bbox 586 1099 679 1158; x_wconf 75' lang='lat' dir='ltr'>vis</span> <span class='ocrx_word' id='word_1_97' title='bbox 721 1096 838 1158; x_wconf 88' lang='lat' dir='ltr'>alia</span> <span class='ocrx_word' id='word_1_98' title='bbox 886 1098 1187 1176; x_wconf 81' lang='lat' dir='ltr'>expressio</span> <span class='ocrx_word' id='word_1_99' title='bbox 1231 1095 1552 1169; x_wconf 85' lang='lat' dir='ltr'>habenda,</span> <span class='ocrx_word' id='word_1_100' title='bbox 1603 1108 1716 1157; x_wconf 88' lang='lat' dir='ltr'>aut</span> <span class='ocrx_word' id='word_1_101' title='bbox 1757 1095 1876 1156; x_wconf 85' lang='lat' dir='ltr'>alia</span> <span class='ocrx_word' id='word_1_102' title='bbox 1925 1097 2232 1174; x_wconf 80' lang='lat' dir='ltr'>exquisita</span> 
     </span>
     <span class='ocr_line' id='line_1_16' title="bbox 587 1173 2230 1251; baseline 0.002 -19"><span class='ocrx_word' id='word_1_103' title='bbox 587 1173 785 1235; x_wconf 86' lang='lat' dir='ltr'>forma</span> <span class='ocrx_word' id='word_1_104' title='bbox 819 1174 897 1235; x_wconf 91' lang='lat' dir='ltr'>ad</span> <span class='ocrx_word' id='word_1_105' title='bbox 930 1174 1045 1235; x_wconf 90' lang='lat' dir='ltr'>hoc</span> <span class='ocrx_word' id='word_1_106' title='bbox 1069 1173 1370 1235; x_wconf 80' lang='lat' dir='ltr'>servanda</span> <span class='ocrx_word' id='word_1_107' title='bbox 1397 1173 1594 1244; x_wconf 85' lang='lat' dir='ltr'>foret,</span> <span class='ocrx_word' id='word_1_108' title='bbox 1629 1184 1878 1235; x_wconf 82' lang='lat' dir='ltr'>tenores</span> <span class='ocrx_word' id='word_1_109' title='bbox 1899 1174 2230 1251; x_wconf 70' lang='lat' dir='ltr'>praedictos</span> 
     </span>
     <span class='ocr_line' id='line_1_17' title="bbox 584 1249 2228 1331; baseline 0 -20"><span class='ocrx_word' id='word_1_110' title='bbox 584 1270 703 1328; x_wconf 86' lang='lat' dir='ltr'>pro</span> <span class='ocrx_word' id='word_1_111' title='bbox 725 1250 1134 1325; x_wconf 81' lang='lat' dir='ltr'>sufficienter,</span> <span class='ocrx_word' id='word_1_112' title='bbox 1164 1261 1229 1311; x_wconf 89' lang='lat' dir='ltr'>et</span> <span class='ocrx_word' id='word_1_113' title='bbox 1258 1249 1553 1331; x_wconf 74' lang='lat' dir='ltr'>(levet-bo</span> <span class='ocrx_word' id='word_1_114' title='bbox 1584 1251 1665 1311; x_wconf 89' lang='lat' dir='ltr'>ad</span> <span class='ocrx_word' id='word_1_115' title='bbox 1699 1250 1960 1311; x_wconf 83' lang='lat' dir='ltr'>verbum</span> <span class='ocrx_word' id='word_1_116' title='bbox 1987 1271 2228 1327; x_wconf 83' lang='lat' dir='ltr'>expres·</span> 
     </span>
     <span class='ocr_line' id='line_1_18' title="bbox 584 1326 2228 1407; baseline 0 -18"><span class='ocrx_word' id='word_1_117' title='bbox 584 1331 669 1389; x_wconf 83' lang='lat' dir='ltr'>sis</span> <span class='ocrx_word' id='word_1_118' title='bbox 696 1339 757 1389; x_wconf 89' lang='lat' dir='ltr'>et</span> <span class='ocrx_word' id='word_1_119' title='bbox 783 1331 1027 1391; x_wconf 85' lang='lat' dir='ltr'>insertis</span> <span class='ocrx_word' id='word_1_120' title='bbox 1050 1375 1069 1403; x_wconf 93' lang='lat'>,</span> <span class='ocrx_word' id='word_1_121' title='bbox 1110 1330 1338 1389; x_wconf 84' lang='lat' dir='ltr'>formas</span> <span class='ocrx_word' id='word_1_122' title='bbox 1387 1348 1462 1387; x_wconf 91' lang='lat' dir='ltr'>ue</span> <span class='ocrx_word' id='word_1_123' title='bbox 1503 1326 1856 1407; x_wconf 77' lang='lat' dir='ltr'>hujusmodi</span> <span class='ocrx_word' id='word_1_124' title='bbox 1887 1348 2008 1404; x_wconf 86' lang='lat' dir='ltr'>pro</span> <span class='ocrx_word' id='word_1_125' title='bbox 2041 1327 2228 1406; x_wconf 88' lang='lat' dir='ltr'>plene</span> 
     </span>
     <span class='ocr_line' id='line_1_19' title="bbox 588 1404 2230 1483; baseline 0.001 -18"><span class='ocrx_word' id='word_1_126' title='bbox 588 1416 653 1465; x_wconf 88' lang='lat' dir='ltr'>et</span> <span class='ocrx_word' id='word_1_127' title='bbox 678 1416 885 1467; x_wconf 78' lang='lat' dir='ltr'>exacte</span> <span class='ocrx_word' id='word_1_128' title='bbox 911 1406 1251 1468; x_wconf 85' lang='lat' dir='ltr'>observatis</span> <span class='ocrx_word' id='word_1_129' title='bbox 1287 1404 1366 1467; x_wconf 84' lang='lat' dir='ltr'>ha</span> <span class='ocrx_word' id='word_1_130' title='bbox 1415 1415 1583 1465; x_wconf 86' lang='lat' dir='ltr'>entes</span> <span class='ocrx_word' id='word_1_131' title='bbox 1604 1452 1621 1480; x_wconf 86' lang='lat'>,</span> <span class='ocrx_word' id='word_1_132' title='bbox 1661 1406 1738 1465; x_wconf 85' lang='lat' dir='ltr'>ad</span> <span class='ocrx_word' id='word_1_133' title='bbox 1772 1406 2230 1483; x_wconf 80' lang='lat' dir='ltr'>praemissorum</span> 
     </span>
     <span class='ocr_line' id='line_1_20' title="bbox 588 1480 2224 1562; baseline 0.001 -21"><span class='ocrx_word' id='word_1_134' title='bbox 588 1480 873 1544; x_wconf 83' lang='lat' dir='ltr'>effectum</span> <span class='ocrx_word' id='word_1_135' title='bbox 896 1527 911 1553; x_wconf 90' lang='lat'>,</span> <span class='ocrx_word' id='word_1_136' title='bbox 950 1484 1063 1544; x_wconf 87' lang='lat' dir='ltr'>hac</span> <span class='ocrx_word' id='word_1_137' title='bbox 1110 1486 1246 1546; x_wconf 83' lang='lat' dir='ltr'>vice</span> <span class='ocrx_word' id='word_1_138' title='bbox 1287 1480 1608 1543; x_wconf 78' lang='lat' dir='ltr'>dumtaxat</span> <span class='ocrx_word' id='word_1_139' title='bbox 1637 1481 1981 1562; x_wconf 83' lang='lat' dir='ltr'>specialiter</span> <span class='ocrx_word' id='word_1_140' title='bbox 2023 1494 2088 1543; x_wconf 88' lang='lat' dir='ltr'>et</span> <span class='ocrx_word' id='word_1_141' title='bbox 2129 1504 2224 1545; x_wconf 83' lang='lat' dir='ltr'>ex-</span> 
     </span>
     <span class='ocr_line' id='line_1_21' title="bbox 585 1560 1209 1637; baseline 0.005 -18"><span class='ocrx_word' id='word_1_142' title='bbox 585 1577 789 1635; x_wconf 82' lang='lat' dir='ltr'>presse</span> <span class='ocrx_word' id='word_1_143' title='bbox 824 1560 1209 1637; x_wconf 76' lang='lat' dir='ltr'>derogamus.</span> 
     </span>
    </p>
   </div>
   <div class='ocr_carea' id='block_1_4' title="bbox 288 1712 2230 1790">
    <p class='ocr_par' dir='ltr' id='par_1_4' title="bbox 288 1712 2230 1790">
     <span class='ocr_line' id='line_1_22' title="bbox 288 1712 2230 1790; baseline 0.001 -17"><span class='ocrx_word' id='word_1_144' title='bbox 288 1713 567 1773; x_wconf 78' lang='lat' dir='ltr'>Deeffectu</span> <span class='ocrx_word' id='word_1_145' title='bbox 663 1716 748 1771; x_wconf 89' lang='lat' dir='ltr'>Ut</span> <span class='ocrx_word' id='word_1_146' title='bbox 770 1724 975 1773; x_wconf 85' lang='lat' dir='ltr'>autem</span> <span class='ocrx_word' id='word_1_147' title='bbox 1009 1712 1236 1774; x_wconf 86' lang='lat' dir='ltr'>eaedem</span> <span class='ocrx_word' id='word_1_148' title='bbox 1265 1723 1596 1790; x_wconf 83' lang='lat' dir='ltr'>praesentes</span> <span class='ocrx_word' id='word_1_149' title='bbox 1612 1759 1630 1785; x_wconf 87' lang='lat'>‚</span> <span class='ocrx_word' id='word_1_150' title='bbox 1655 1724 1717 1774; x_wconf 90' lang='lat' dir='ltr'>et</span> <span class='ocrx_word' id='word_1_151' title='bbox 1737 1714 1798 1773; x_wconf 89' lang='lat' dir='ltr'>in</span> <span class='ocrx_word' id='word_1_152' title='bbox 1825 1715 1910 1773; x_wconf 86' lang='lat' dir='ltr'>eis</span> <span class='ocrx_word' id='word_1_153' title='bbox 1933 1724 2230 1774; x_wconf 86' lang='lat' dir='ltr'>contenta</span> 
     </span>
    </p>
   </div>
   <div class='ocr_carea' id='block_1_5' title="bbox 287 1787 525 1855">
    <p class='ocr_par' dir='ltr' id='par_1_5' title="bbox 287 1787 525 1855">
     <span class='ocr_line' id='line_1_23' title="bbox 287 1787 525 1855; baseline 0.008 -19"><span class='ocrx_word' id='word_1_154' title='bbox 287 1787 525 1855; x_wconf 83' lang='lat' dir='ltr'>publica-</span> 
     </span>
    </p>
   </div>
   <div class='ocr_carea' id='block_1_6' title="bbox 588 1790 2222 1867">
    <p class='ocr_par' dir='ltr' id='par_1_6' title="bbox 588 1790 2222 1867">
     <span class='ocr_line' id='line_1_24' title="bbox 588 1790 2222 1867; baseline 0.001 -18"><span class='ocrx_word' id='word_1_155' title='bbox 588 1806 988 1867; x_wconf 82' lang='lat' dir='ltr'>quaecumque</span> <span class='ocrx_word' id='word_1_156' title='bbox 1008 1834 1029 1865; x_wconf 89' lang='lat'>,</span> <span class='ocrx_word' id='word_1_157' title='bbox 1060 1790 1140 1851; x_wconf 85' lang='lat' dir='ltr'>ad</span> <span class='ocrx_word' id='word_1_158' title='bbox 1177 1792 1458 1850; x_wconf 88' lang='lat' dir='ltr'>omnium</span> <span class='ocrx_word' id='word_1_159' title='bbox 1486 1791 1771 1851; x_wconf 87' lang='lat' dir='ltr'>notitiam</span> <span class='ocrx_word' id='word_1_160' title='bbox 1794 1790 2186 1851; x_wconf 81' lang='lat' dir='ltr'>deducantur</span> <span class='ocrx_word' id='word_1_161' title='bbox 2201 1836 2222 1863; x_wconf 92' lang='lat'>,</span> 
     </span>
    </p>
   </div>
   <div class='ocr_carea' id='block_1_7' title="bbox 290 1854 2228 1945">
    <p class='ocr_par' dir='ltr' id='par_1_7' title="bbox 290 1854 2228 1945">
     <span class='ocr_line' id='line_1_25' title="bbox 290 1854 2228 1945; baseline 0.004 -25"><span class='ocrx_word' id='word_1_162' title='bbox 290 1854 487 1914; x_wconf 64' lang='lat' dir='ltr'>²⁵⁰¹²³³v</span> <span class='ocrx_word' id='word_1_163' title='bbox 516 1859 569 1906; x_wconf 67' lang='lat'>⁰²</span> <span class='ocrx_word' id='word_1_164' title='bbox 590 1875 655 1925; x_wconf 88' lang='lat' dir='ltr'>et</span> <span class='ocrx_word' id='word_1_165' title='bbox 692 1886 771 1925; x_wconf 88' lang='lat' dir='ltr'>ne</span> <span class='ocrx_word' id='word_1_166' title='bbox 812 1864 1030 1944; x_wconf 77' lang='lat' dir='ltr'>aliquis</span> <span class='ocrx_word' id='word_1_167' title='bbox 1076 1865 1326 1929; x_wconf 84' lang='lat' dir='ltr'>illorum</span> <span class='ocrx_word' id='word_1_168' title='bbox 1377 1869 1790 1945; x_wconf 80' lang='lat' dir='ltr'>ignorantiam</span> <span class='ocrx_word' id='word_1_169' title='bbox 1840 1868 2228 1945; x_wconf 54' lang='lat' dir='ltr'>praetendere</span> 
     </span>
    </p>
   </div>
   <div class='ocr_carea' id='block_1_8' title="bbox 288 1920 565 2110">
    <p class='ocr_par' dir='ltr' id='par_1_8' title="bbox 288 1920 565 2110">
     <span class='ocr_line' id='line_1_26' title="bbox 288 1920 547 1989; baseline 0 -18"><span class='ocrx_word' id='word_1_170' title='bbox 288 1920 547 1989; x_wconf 80' lang='lat' dir='ltr'>exemplo·</span> 
     </span>
     <span class='ocr_line' id='line_1_27' title="bbox 290 2005 565 2040; baseline 0.011 -2"><span class='ocrx_word' id='word_1_171' title='bbox 290 2006 407 2039; x_wconf 83' lang='lat' dir='ltr'>rum</span> <span class='ocrx_word' id='word_1_172' title='bbox 478 2005 565 2040; x_wconf 80' lang='lat' dir='ltr'>au·</span> 
     </span>
     <span class='ocr_line' id='line_1_28' title="bbox 288 2056 547 2110; baseline 0.015 -4"><span class='ocrx_word' id='word_1_173' title='bbox 288 2056 547 2110; x_wconf 79' lang='lat' dir='ltr'>ctoritate.</span> 
     </span>
    </p>
   </div>
   <div class='ocr_carea' id='block_1_9' title="bbox 286 3329 508 3385">
    <p class='ocr_par' dir='ltr' id='par_1_9' title="bbox 286 3329 508 3385">
     <span class='ocr_line' id='line_1_29' title="bbox 286 3329 508 3385; baseline 0.014 -3"><span class='ocrx_word' id='word_1_174' title='bbox 286 3329 508 3385; x_wconf 77' lang='lat' dir='ltr'>Sanctio-</span> 
     </span>
    </p>
   </div>
   <div class='ocr_carea' id='block_1_10' title="bbox 584 1940 2228 3102">
    <p class='ocr_par' dir='ltr' id='par_1_10' title="bbox 584 1940 2228 3102">
     <span class='ocr_line' id='line_1_30' title="bbox 587 1940 2226 2023; baseline 0.001 -19"><span class='ocrx_word' id='word_1_175' title='bbox 587 1944 816 2022; x_wconf 81' lang='lat' dir='ltr'>possit3</span> <span class='ocrx_word' id='word_1_176' title='bbox 860 1943 1143 2008; x_wconf 86' lang='lat' dir='ltr'>volumus</span> <span class='ocrx_word' id='word_1_177' title='bbox 1183 1940 1428 2006; x_wconf 87' lang='lat' dir='ltr'>easdem</span> <span class='ocrx_word' id='word_1_178' title='bbox 1459 1962 1571 2023; x_wconf 86' lang='lat' dir='ltr'>per</span> <span class='ocrx_word' id='word_1_179' title='bbox 1607 1942 1878 2022; x_wconf 87' lang='lat' dir='ltr'>aliquem</span> <span class='ocrx_word' id='word_1_180' title='bbox 1905 1991 1923 2018; x_wconf 95' lang='lat'>,</span> <span class='ocrx_word' id='word_1_181' title='bbox 1966 1966 2078 2006; x_wconf 91' lang='lat' dir='ltr'>seu</span> <span class='ocrx_word' id='word_1_182' title='bbox 2119 1945 2226 2007; x_wconf 89' lang='lat' dir='ltr'>ali-</span> 
     </span>
     <span class='ocr_line' id='line_1_31' title="bbox 587 2021 2228 2100; baseline 0.002 -20"><span class='ocrx_word' id='word_1_183' title='bbox 587 2041 741 2100; x_wconf 86' lang='lat' dir='ltr'>quos</span> <span class='ocrx_word' id='word_1_184' title='bbox 783 2041 853 2082; x_wconf 88' lang='lat' dir='ltr'>ex</span> <span class='ocrx_word' id='word_1_185' title='bbox 890 2021 1264 2084; x_wconf 81' lang='lat' dir='ltr'>cursoribus</span> <span class='ocrx_word' id='word_1_186' title='bbox 1304 2024 1539 2084; x_wconf 85' lang='lat' dir='ltr'>Nostris</span> <span class='ocrx_word' id='word_1_187' title='bbox 1576 2022 1654 2083; x_wconf 88' lang='lat' dir='ltr'>ad</span> <span class='ocrx_word' id='word_1_188' title='bbox 1696 2021 1908 2085; x_wconf 79' lang='lat' dir='ltr'>valvas</span> <span class='ocrx_word' id='word_1_189' title='bbox 1955 2021 2228 2084; x_wconf 79' lang='lat' dir='ltr'>Basilicae</span> 
     </span>
     <span class='ocr_line' id='line_1_32' title="bbox 586 2098 2221 2180; baseline 0.001 -21"><span class='ocrx_word' id='word_1_190' title='bbox 586 2100 884 2176; x_wconf 86' lang='lat' dir='ltr'>Principis</span> <span class='ocrx_word' id='word_1_191' title='bbox 916 2099 1385 2180; x_wconf 73' lang='lat' dir='ltr'>Apostolorum,</span> <span class='ocrx_word' id='word_1_192' title='bbox 1422 2120 1493 2159; x_wconf 90' lang='lat' dir='ltr'>ac</span> <span class='ocrx_word' id='word_1_193' title='bbox 1527 2098 1924 2162; x_wconf 77' lang='lat' dir='ltr'>cancellariae</span> <span class='ocrx_word' id='word_1_194' title='bbox 1960 2106 2221 2178; x_wconf 82' lang='lat' dir='ltr'>Aposto-</span> 
     </span>
     <span class='ocr_line' id='line_1_33' title="bbox 586 2173 2225 2254; baseline 0.002 -19"><span class='ocrx_word' id='word_1_195' title='bbox 586 2173 717 2237; x_wconf 83' lang='lat' dir='ltr'>licae</span> <span class='ocrx_word' id='word_1_196' title='bbox 736 2223 751 2249; x_wconf 93' lang='lat'>,</span> <span class='ocrx_word' id='word_1_197' title='bbox 779 2187 841 2237; x_wconf 90' lang='lat' dir='ltr'>et</span> <span class='ocrx_word' id='word_1_198' title='bbox 865 2179 929 2237; x_wconf 90' lang='lat' dir='ltr'>in</span> <span class='ocrx_word' id='word_1_199' title='bbox 954 2179 1085 2238; x_wconf 87' lang='lat' dir='ltr'>acie</span> <span class='ocrx_word' id='word_1_200' title='bbox 1110 2181 1328 2254; x_wconf 89' lang='lat' dir='ltr'>Campi</span> <span class='ocrx_word' id='word_1_201' title='bbox 1356 2175 1552 2238; x_wconf 82' lang='lat' dir='ltr'>Florae</span> <span class='ocrx_word' id='word_1_202' title='bbox 1569 2223 1587 2252; x_wconf 83' lang='lat'>‚</span> <span class='ocrx_word' id='word_1_203' title='bbox 1629 2175 1885 2254; x_wconf 80' lang='lat' dir='ltr'>aliisque</span> <span class='ocrx_word' id='word_1_204' title='bbox 1917 2180 2225 2239; x_wconf 85' lang='lat' dir='ltr'>consuetis</span> 
     </span>
     <span class='ocr_line' id='line_1_34' title="bbox 586 2253 2225 2333; baseline 0.002 -20"><span class='ocrx_word' id='word_1_205' title='bbox 586 2253 772 2315; x_wconf 82' lang='lat' dir='ltr'>Urbis</span> <span class='ocrx_word' id='word_1_206' title='bbox 814 2253 961 2316; x_wconf 84' lang='lat' dir='ltr'>locis</span> <span class='ocrx_word' id='word_1_207' title='bbox 994 2255 1334 2333; x_wconf 85' lang='lat' dir='ltr'>publicari,</span> <span class='ocrx_word' id='word_1_208' title='bbox 1371 2274 1708 2332; x_wconf 78' lang='lat' dir='ltr'>earumque</span> <span class='ocrx_word' id='word_1_209' title='bbox 1743 2256 1950 2332; x_wconf 87' lang='lat' dir='ltr'>copias</span> <span class='ocrx_word' id='word_1_210' title='bbox 1995 2254 2225 2316; x_wconf 88' lang='lat' dir='ltr'>ibidem</span> 
     </span>
     <span class='ocr_line' id='line_1_35' title="bbox 586 2329 2226 2409; baseline 0.004 -21"><span class='ocrx_word' id='word_1_211' title='bbox 586 2329 748 2407; x_wconf 85' lang='lat' dir='ltr'>affigi</span> <span class='ocrx_word' id='word_1_212' title='bbox 784 2377 801 2403; x_wconf 92' lang='lat'>,</span> <span class='ocrx_word' id='word_1_213' title='bbox 854 2343 918 2393; x_wconf 90' lang='lat' dir='ltr'>et</span> <span class='ocrx_word' id='word_1_214' title='bbox 958 2331 1163 2394; x_wconf 84' lang='lat' dir='ltr'>affixas</span> <span class='ocrx_word' id='word_1_215' title='bbox 1205 2330 1524 2408; x_wconf 80' lang='lat' dir='ltr'>relinqui3</span> <span class='ocrx_word' id='word_1_216' title='bbox 1566 2350 1702 2408; x_wconf 79' lang='lat' dir='ltr'>quae</span> <span class='ocrx_word' id='word_1_217' title='bbox 1753 2331 1838 2391; x_wconf 87' lang='lat' dir='ltr'>sic</span> <span class='ocrx_word' id='word_1_218' title='bbox 1893 2330 2226 2409; x_wconf 81' lang='lat' dir='ltr'>publicatae</span> 
     </span>
     <span class='ocr_line' id='line_1_36' title="bbox 586 2405 2222 2487; baseline 0.003 -22"><span class='ocrx_word' id='word_1_219' title='bbox 586 2417 651 2466; x_wconf 83' lang='lat' dir='ltr'>et</span> <span class='ocrx_word' id='word_1_220' title='bbox 682 2407 905 2482; x_wconf 82' lang='lat' dir='ltr'>affixae,</span> <span class='ocrx_word' id='word_1_221' title='bbox 950 2429 1163 2472; x_wconf 87' lang='lat' dir='ltr'>omnes</span> <span class='ocrx_word' id='word_1_222' title='bbox 1188 2419 1252 2469; x_wconf 87' lang='lat' dir='ltr'>et</span> <span class='ocrx_word' id='word_1_223' title='bbox 1283 2405 1583 2484; x_wconf 72' lang='lat' dir='ltr'>singuloS,</span> <span class='ocrx_word' id='word_1_224' title='bbox 1615 2427 1769 2487; x_wconf 89' lang='lat' dir='ltr'>quos</span> <span class='ocrx_word' id='word_1_225' title='bbox 1801 2421 2222 2483; x_wconf 83' lang='lat' dir='ltr'>concernunt,</span> 
     </span>
     <span class='ocr_line' id='line_1_37' title="bbox 586 2485 2224 2560; baseline 0.004 -20"><span class='ocrx_word' id='word_1_226' title='bbox 586 2493 829 2543; x_wconf 88' lang='lat' dir='ltr'>arctent</span> <span class='ocrx_word' id='word_1_227' title='bbox 860 2497 922 2545; x_wconf 89' lang='lat' dir='ltr'>et</span> <span class='ocrx_word' id='word_1_228' title='bbox 950 2485 1257 2560; x_wconf 86' lang='lat' dir='ltr'>afficiant,</span> <span class='ocrx_word' id='word_1_229' title='bbox 1289 2506 1416 2546; x_wconf 88' lang='lat' dir='ltr'>non</span> <span class='ocrx_word' id='word_1_230' title='bbox 1451 2505 1621 2546; x_wconf 87' lang='lat' dir='ltr'>secus</span> <span class='ocrx_word' id='word_1_231' title='bbox 1655 2507 1726 2546; x_wconf 89' lang='lat' dir='ltr'>ac</span> <span class='ocrx_word' id='word_1_232' title='bbox 1757 2487 1807 2544; x_wconf 89' lang='lat' dir='ltr'>si</span> <span class='ocrx_word' id='word_1_233' title='bbox 1838 2505 2055 2546; x_wconf 85' lang='lat' dir='ltr'>eorum</span> <span class='ocrx_word' id='word_1_234' title='bbox 2083 2490 2224 2546; x_wconf 90' lang='lat' dir='ltr'>uni-</span> 
     </span>
     <span class='ocr_line' id='line_1_38' title="bbox 585 2559 2222 2636; baseline 0.005 -21"><span class='ocrx_word' id='word_1_235' title='bbox 585 2559 809 2634; x_wconf 81' lang='lat' dir='ltr'>cuique</span> <span class='ocrx_word' id='word_1_236' title='bbox 836 2562 1246 2636; x_wconf 83' lang='lat' dir='ltr'>personaliter</span> <span class='ocrx_word' id='word_1_237' title='bbox 1289 2563 1584 2622; x_wconf 81' lang='lat' dir='ltr'>intimatae</span> <span class='ocrx_word' id='word_1_238' title='bbox 1615 2572 1682 2622; x_wconf 90' lang='lat' dir='ltr'>et</span> <span class='ocrx_word' id='word_1_239' title='bbox 1709 2561 2038 2623; x_wconf 63' lang='lat' dir='ltr'>notificatae</span> <span class='ocrx_word' id='word_1_240' title='bbox 2076 2563 2222 2624; x_wconf 84' lang='lat' dir='ltr'>fuis·</span> 
     </span>
     <span class='ocr_line' id='line_1_39' title="bbox 584 2637 2226 2716; baseline 0.005 -24"><span class='ocrx_word' id='word_1_241' title='bbox 584 2645 723 2694; x_wconf 87' lang='lat' dir='ltr'>sent</span> <span class='ocrx_word' id='word_1_242' title='bbox 751 2655 767 2694; x_wconf 72' lang='grc' dir='ltr'><strong><em>ε</em></strong></span> <span class='ocrx_word' id='word_1_243' title='bbox 794 2637 1083 2715; x_wconf 85' lang='lat' dir='ltr'>quodque</span> <span class='ocrx_word' id='word_1_244' title='bbox 1108 2640 1446 2700; x_wconf 84' lang='lat' dir='ltr'>earundem</span> <span class='ocrx_word' id='word_1_245' title='bbox 1469 2641 1864 2716; x_wconf 73' lang='lat' dir='ltr'>praesentium</span> <span class='ocrx_word' id='word_1_246' title='bbox 1890 2645 2226 2701; x_wconf 85' lang='lat' dir='ltr'>Transum-</span> 
     </span>
     <span class='ocr_line' id='line_1_40' title="bbox 584 2711 2222 2794; baseline 0.004 -25"><span class='ocrx_word' id='word_1_247' title='bbox 584 2711 706 2787; x_wconf 81' lang='lat' dir='ltr'>ptis</span> <span class='ocrx_word' id='word_1_248' title='bbox 736 2713 867 2772; x_wconf 84' lang='lat' dir='ltr'>sive</span> <span class='ocrx_word' id='word_1_249' title='bbox 906 2713 1194 2792; x_wconf 85' lang='lat' dir='ltr'>exemplis</span> <span class='ocrx_word' id='word_1_250' title='bbox 1217 2759 1234 2786; x_wconf 92' lang='lat'>,</span> <span class='ocrx_word' id='word_1_251' title='bbox 1265 2717 1454 2775; x_wconf 86' lang='lat' dir='ltr'>etiam</span> <span class='ocrx_word' id='word_1_252' title='bbox 1490 2717 1828 2794; x_wconf 64' lang='lat' dir='ltr'>impressis»,</span> <span class='ocrx_word' id='word_1_253' title='bbox 1879 2737 2066 2777; x_wconf 87' lang='lat' dir='ltr'>manu</span> <span class='ocrx_word' id='word_1_254' title='bbox 2107 2715 2222 2777; x_wconf 87' lang='lat' dir='ltr'>ali-</span> 
     </span>
     <span class='ocr_line' id='line_1_41' title="bbox 586 2791 2222 2870; baseline 0.005 -24"><span class='ocrx_word' id='word_1_255' title='bbox 586 2793 761 2866; x_wconf 76' lang='lat' dir='ltr'>cujus</span> <span class='ocrx_word' id='word_1_256' title='bbox 784 2793 1019 2852; x_wconf 82' lang='lat' dir='ltr'>Notarii</span> <span class='ocrx_word' id='word_1_257' title='bbox 1044 2791 1276 2870; x_wconf 84' lang='lat' dir='ltr'>publici</span> <span class='ocrx_word' id='word_1_258' title='bbox 1317 2791 1714 2870; x_wconf 83' lang='lat' dir='ltr'>subscriptis,</span> <span class='ocrx_word' id='word_1_259' title='bbox 1753 2803 1817 2852; x_wconf 90' lang='lat' dir='ltr'>et</span> <span class='ocrx_word' id='word_1_260' title='bbox 1853 2792 2051 2870; x_wconf 82' lang='lat' dir='ltr'>sigillo</span> <span class='ocrx_word' id='word_1_261' title='bbox 2079 2799 2222 2854; x_wconf 88' lang='lat' dir='ltr'>Per-</span> 
     </span>
     <span class='ocr_line' id='line_1_42' title="bbox 584 2866 2224 2946; baseline 0.004 -21"><span class='ocrx_word' id='word_1_262' title='bbox 584 2884 747 2928; x_wconf 79' lang='lat' dir='ltr'>sonae</span> <span class='ocrx_word' id='word_1_263' title='bbox 772 2866 833 2926; x_wconf 89' lang='lat' dir='ltr'>in</span> <span class='ocrx_word' id='word_1_264' title='bbox 866 2871 1171 2946; x_wconf 83' lang='lat' dir='ltr'>Dignitate</span> <span class='ocrx_word' id='word_1_265' title='bbox 1207 2867 1620 2932; x_wconf 85' lang='lat' dir='ltr'>Ecclesiastica</span> <span class='ocrx_word' id='word_1_266' title='bbox 1657 2870 2046 2942; x_wconf 71' lang='lat' dir='ltr'>constitute,</span> <span class='ocrx_word' id='word_1_267' title='bbox 2087 2891 2224 2932; x_wconf 85' lang='lat' dir='ltr'>mu-</span> 
     </span>
     <span class='ocr_line' id='line_1_43' title="bbox 584 2944 2228 3025; baseline 0.004 -23"><span class='ocrx_word' id='word_1_268' title='bbox 584 2944 765 3015; x_wconf 79' lang='lat' dir='ltr'>uitis,</span> <span class='ocrx_word' id='word_1_269' title='bbox 792 2946 1003 3008; x_wconf 85' lang='lat' dir='ltr'>eadem</span> <span class='ocrx_word' id='word_1_270' title='bbox 1078 2947 1466 3008; x_wconf 81' lang='lat' dir='ltr'>rursus-fides</span> <span class='ocrx_word' id='word_1_271' title='bbox 1493 2947 1864 3009; x_wconf 87' lang='lat' dir='ltr'>adhibeatur</span> <span class='ocrx_word' id='word_1_272' title='bbox 1900 2949 1964 3007; x_wconf 87' lang='lat' dir='ltr'>in</span> <span class='ocrx_word' id='word_1_273' title='bbox 1992 2945 2228 3025; x_wconf 76' lang='lat' dir='ltr'>judicio</span> 
     </span>
     <span class='ocr_line' id='line_1_44' title="bbox 585 2969 2222 3102; baseline 0.004 -24"><span class='ocrx_word' id='word_1_274' title='bbox 585 3030 648 3079; x_wconf 90' lang='lat' dir='ltr'>et</span> <span class='ocrx_word' id='word_1_275' title='bbox 684 3031 854 3082; x_wconf 85' lang='lat' dir='ltr'>extra</span> <span class='ocrx_word' id='word_1_276' title='bbox 895 2969 1093 3094; x_wconf 63' lang='lat' dir='ltr'>illudp,</span> <span class='ocrx_word' id='word_1_277' title='bbox 1130 3025 1362 3102; x_wconf 86' lang='lat' dir='ltr'>ubique</span> <span class='ocrx_word' id='word_1_278' title='bbox 1390 3023 1668 3086; x_wconf 86' lang='lat' dir='ltr'>locorum</span> <span class='ocrx_word' id='word_1_279' title='bbox 1689 3071 1706 3100; x_wconf 95' lang='lat'>‚</span> <span class='ocrx_word' id='word_1_280' title='bbox 1739 3044 1874 3101; x_wconf 83' lang='lat' dir='ltr'>quae</span> <span class='ocrx_word' id='word_1_281' title='bbox 1899 3023 2222 3085; x_wconf 87' lang='lat' dir='ltr'>adhibere-</span> 
     </span>
    </p>
   </div>
   <div class='ocr_carea' id='block_1_11' title="bbox 585 3100 2226 3236">
    <p class='ocr_par' dir='ltr' id='par_1_11' title="bbox 585 3100 2226 3236">
     <span class='ocr_line' id='line_1_45' title="bbox 585 3100 2226 3234; baseline 0.005 -80"><span class='ocrx_word' id='word_1_282' title='bbox 585 3107 693 3234; x_wconf 56' lang='grc' dir='ltr'>ῐιιέ·</span> <span class='ocrx_word' id='word_1_283' title='bbox 732 3100 877 3176; x_wconf 82' lang='lat' dir='ltr'>ipsis</span> <span class='ocrx_word' id='word_1_284' title='bbox 913 3101 1315 3180; x_wconf 83' lang='lat' dir='ltr'>praeseutibus</span> <span class='ocrx_word' id='word_1_285' title='bbox 1341 3145 1361 3177; x_wconf 82' lang='lat'>,</span> <span class='ocrx_word' id='word_1_286' title='bbox 1403 3104 1456 3162; x_wconf 88' lang='lat' dir='ltr'>si</span> <span class='ocrx_word' id='word_1_287' title='bbox 1507 3102 1713 3164; x_wconf 84' lang='lat' dir='ltr'>forent</span> <span class='ocrx_word' id='word_1_288' title='bbox 1761 3100 2046 3162; x_wconf 72' lang='lat' dir='ltr'>exhibita:</span> <span class='ocrx_word' id='word_1_289' title='bbox 2073 3148 2090 3173; x_wconf 86' lang='lat'>,</span> <span class='ocrx_word' id='word_1_290' title='bbox 2121 3103 2226 3164; x_wconf 81' lang='lat' dir='ltr'>vel</span> 
     </span>
     <span class='ocr_line' id='line_1_46' title="bbox 585 3191 861 3236; baseline 0.022 -6"><span class='ocrx_word' id='word_1_291' title='bbox 585 3191 651 3232; x_wconf 87' lang='lat' dir='ltr'>os</span> <span class='ocrx_word' id='word_1_292' title='bbox 682 3194 861 3236; x_wconf 80' lang='lat' dir='ltr'>ensae.</span> 
     </span>
    </p>
   </div>
   <div class='ocr_carea' id='block_1_12' title="bbox 584 3321 2222 3488">
    <p class='ocr_par' dir='ltr' id='par_1_12' title="bbox 584 3321 2222 3488">
     <span class='ocr_line' id='line_1_47' title="bbox 660 3321 2222 3409; baseline 0.008 -26"><span class='ocrx_word' id='word_1_293' title='bbox 660 3323 827 3384; x_wconf 80' lang='lat' dir='ltr'>Nulli</span> <span class='ocrx_word' id='word_1_294' title='bbox 866 3345 1010 3402; x_wconf 85' lang='lat' dir='ltr'>ergo</span> <span class='ocrx_word' id='word_1_295' title='bbox 1047 3329 1305 3390; x_wconf 88' lang='lat' dir='ltr'>omnino</span> <span class='ocrx_word' id='word_1_296' title='bbox 1342 3327 1665 3390; x_wconf 87' lang='lat' dir='ltr'>bominum</span> <span class='ocrx_word' id='word_1_297' title='bbox 1707 3321 1890 3393; x_wconf 79' lang='lat' dir='ltr'>liceat</span> <span class='ocrx_word' id='word_1_298' title='bbox 1933 3332 2222 3409; x_wconf 80' lang='lat' dir='ltr'>paginam</span> 
     </span>
     <span class='ocr_line' id='line_1_48' title="bbox 584 3397 2220 3488; baseline 0.009 -29"><span class='ocrx_word' id='word_1_299' title='bbox 584 3397 744 3462; x_wconf 84' lang='lat' dir='ltr'>hanc</span> <span class='ocrx_word' id='word_1_300' title='bbox 772 3412 1124 3468; x_wconf 87' lang='lat' dir='ltr'>nostrarum</span> <span class='ocrx_word' id='word_1_301' title='bbox 1160 3405 1682 3486; x_wconf 81' lang='lat' dir='ltr'>confirmationis,</span> <span class='ocrx_word' id='word_1_302' title='bbox 1715 3406 2176 3488; x_wconf 83' lang='lat' dir='ltr'>reprobationis</span> <span class='ocrx_word' id='word_1_303' title='bbox 2201 3457 2220 3485; x_wconf 84' lang='lat'>‚</span> 
     </span>
    </p>
   </div>
   <div class='ocr_carea' id='block_1_13' title="bbox 2391 3175 2399 3951">
    <p class='ocr_par' dir='ltr' id='par_1_13' title="bbox 2391 3175 2399 3951">
     <span class='ocr_line' id='line_1_49' title="bbox 2391 3175 2399 3951; baseline 0 0"><span class='ocrx_word' id='word_1_304' title='bbox 2391 3175 2399 3951; x_wconf 95' lang='lat' dir='ltr'> </span> 
     </span>
    </p>
   </div>
  </div>
 </body>
</html>
