2400 3996
569 78 694 226 {³95
1083 136 1472 201 Bannmc'rl
1516 134 1693 201 xlv.

296 252 510 313 Ροιτ.
569 244 916 313 Comitatu,
968 244 1096 305 sive
1149 264 1222 304 ex
1260 246 1573 320 praetensis
1625 246 2093 321 gravaminibus
2138 249 2211 310 in

297 322 494 391 ΔΝΜ.

251 1818 376 1883 Quae
411 1832 531 1871 avo·

563 318 916 398 hujusmodi
951 318 1346 380 'fabellarum
1382 323 1658 381 examine
1696 322 1813 381 sibi
1864 322 2211 400 aliqua-ndu

563 399 848 475 irrogatis
867 442 882 467 ‚
905 399 1032 459 sive
1061 418 1131 457 ex
1165 396 1579 475 peculiaribus
1604 398 1973 476 quibusda-m
2000 422 2207 463 exem·-

561 474 682 553 plis
702 521 718 548 ‚
762 474 987 551 quibus
1027 474 1347 535 constabat
1370 476 1725 553 praedictam
1758 480 2201 554 congregatio-

561 572 706 612 nem
758 554 908 611 Boni
958 554 1291 629 Regiminis
1319 598 1335 626 ,
1398 574 1515 630 pro
1569 548 2206 617 extraordinariorum

563 629 956 707 quorundam
995 650 1257 689 onerum
1298 630 1703 706 repartitione
1747 642 1811 690 et
1850 634 2205 703 exactione,

564 704 800 783 aliquos
823 706 1261 785 jurisdictionis
1286 718 1456 766 actus
1496 709 1827 767 exercuisse
1848 754 1863 779 ‚
1902 711 2205 787 variaque

561 786 820 842 Decreta
861 782 1150 859 edidisse,
1194 782 1273 845 ad
1310 786 1789 844 OEconomicum
1832 784 2021 861 ipsius
2064 790 2201 847 Fir-

557 878 760 920 manae
803 861 1125 926 Civitatis,
1191 872 1253 920 et
1292 864 1654 921 Castrorum
1702 872 1935 921 statum
1987 861 2207 939 aliquo

555 936 742 995 modo
789 938 1162 1013 pertinentia
1209 958 1227 996 =
1279 956 1357 996 sae
1500 938 1931 999 detrectarunt
1984 960 2203 1001 rerum

555 1032 808 1073 suarum
837 1023 1030 1073 status
1065 1025 1253 1090 atque
1280 1018 1367 1074 Ta
1414 1012 1559 1074 ellas
1584 1014 1860 1091 praedieti
1894 1019 2199 1077 Commis-

555 1092 736 1165 sarii,
762 1100 948 1167 atque
970 1092 1156 1149 etiam
1181 1090 1627 1151 Gubernatoris
1646 1137 1663 1165 ‚
1696 1094 2001 1169 ipsiusque
2028 1098 2199 1154 Con.

555 1169 920 1243 gregationis
945 1169 1245 1227 Firmanae
1260 1167 1489 1246 iudicio
1510 1179 1572 1228 et
1590 1170 1850 1229 examini
1862 1169 2195 1248 subjicere,

554 1264 898 1323 eorumque
945 1246 1257 1305 mandatis
1306 1244 1771 1323 obtemperare3
1812 1248 2197 1309 contenden-

553 1330 681 1396 tes,
716 1322 794 1381 ad
831 1320 1022 1382 solam
1071 1323 1619 1399 congregationem
1660 1324 1811 1383 Boni
1854 1326 2198 1400 Regiminis

554 1397 908 1477 huiusmodi
949 1400 1501 1461 OEconomicorum
1552 1402 1941 1476 negotiorum
1983 1405 2195 1479 cogni-

554 1477 787 1535 tionem
817 1487 1097 1555 spectare
1128 1498 1146 1537 ε
1181 1482 1328 1551 Quae
1356 1478 1774 1539 controversia
1804 1476 2044 1553 pluries
2066 1482 2195 1556 agi·

481 1562 488 1577 ¹
551 1560 718 1623 tata,
759 1573 884 1611 non
922 1556 1054 1613 sine
1105 1555 1377 1613 Partium
1422 1553 1777 1631 dispendio,
1816 1565 1878 1613 et
1914 1560 2191 1631 negotio-

552 1648 693 1687 rum
717 1630 1074 1689 confusione
1105 1650 1180 1690 ac·
1199 1630 1572 1690 detrimento
1590 1677 1607 1704 ‚
1636 1650 1955 1705 nunquam
1980 1642 2193 1699 tamen

553 1706 810 1764 omnino
847 1705 1039 1765 direm
1088 1716 1182 1781 ta,
1220 1718 1330 1765 aut
1372 1707 1625 1768 definita
1664 1708 1890 1768 fuerat.

629 1786 910 1873 Cumque
947 1803 1014 1843 ea
1061 1804 1158 1843 em
1199 1786 1455 1859 quaestio
1488 1804 1688 1861 nuper
1728 1786 2055 1847 occasione
2084 1807 2189 1865 pe.

253 1893 403 1935 catur
465 1886 529 1935 „d
551 1856 799 1917 culiarns
830 1860 1145 1939 enjusdam
1187 1880 1401 1933 casus,
1438 1863 1667 1922 iterum
1710 1872 1959 1936 exorta,
2001 1875 2193 1941 atque

253 1950 527 2004 Smcfissi.
551 1936 864 1995 acerrimis
919 1940 1188 1997 Partium
1252 1938 1472 1997 stud-iis
1530 1938 1949 2016 redintegrata
1988 1952 2187 2022 esset3

252 2037 396 2070 num
420 2053 439 2088 ,
479 2026 532 2074 et
549 2014 752 2077 visum
790 2025 880 2074 est
909 2015 1097 2075 Nobis
1132 2025 1327 2074 totam
1371 2015 1554 2093 hujus
1586 2019 1854 2076 materiae
1888 2020 2187 2093 cognitio-

251 2090 313 2136 ad
352 2088 529 2154 Signa.
551 2111 689 2151 nem
725 2111 1012 2169 supremo
1044 2093 1271 2169 indicio
1294 2096 1515 2153 Nostro
1541 2113 1853 2154 reservare
1875 2139 1891 2164 ‚
1926 2115 2189 2174 eamque

288 2161 458 2206 turam

253 2221 464 2276 Gratiae.

549 2169 616 2227 in
658 2169 977 2246 signatura
1023 2173 1283 2236 Gratiae,
1334 2189 1475 2248 cum
1518 2169 1771 2252 consilio
1812 2170 2187 2234 dilectorum

545 2243 845 2306 Filiorum
903 2247 1172 2324 ejusdem
1233 2248 1573 2324 Signaturae·
1630 2249 1995 2309 Votantium
2036 2295 2053 2322 ‚
2121 2259 2186 2312 et

544 2323 827 2384 Partibus
865 2323 1046 2401 plene
1091 2323 1353 2397 auditis,
1388 2335 1685 2402 perpetuo
1726 2335 1912 2401 atque
1949 2328 2186 2388 irrevo-

545 2399 828 2460 cabiliter
865 2401 1144 2460 definire.
1177 2402 1588 2475 Quamobrem
1615 2401 1965 2479 huiusmodi
2000 2423 2185 2466 causa

544 2477 612 2534 in
645 2487 840 2548 statu,
885 2488 947 2536 et
983 2479 1261 2538 terminis
1290 2478 1369 2538 ad
1404 2483 1529 2543 Nos
1564 2488 1627 2538 et
1666 2478 1745 2538 ad
1783 2478 2185 2554 signaturam

542 2551 898 2686 fra-dictam
929 2565 1182 2616 avocata
1206 2599 1222 2626 ‚
1267 2575 1379 2633 per
1413 2561 1737 2615 Decretum
1768 2577 1805 2615 a
1848 2554 2072 2616 dilecto
2107 2556 2177 2616 fi,

571 2631 629 2686 io
676 2632 964 2706 Magistro
1011 2630 1329 2692 Clemente
1380 2629 1816 2709 Argenvilliers
1876 2633 2187 2696 Auditore

544 2708 764 2766 Nostro
807 2705 1083 2785 editum3
1118 2709 1594 2784 transmissaque
1632 2730 1747 2787 pro
1786 2719 1963 2786 parte
2008 2709 2179 2771 civi-

543 2784 686 2842 tatis
740 2784 1044 2842 Firmanae
1087 2796 1436 2860 opportuna
1494 2787 1979 2862 commissione3
2030 2807 2181 2848 cum

541 2869 809 2939 utraque
843 2865 986 2920 Pars
1023 2863 1229 2920 omnia
1268 2861 1639 2922 documenta
1686 2871 1749 2922 et
1786 2862 2060 2940 exempla
2106 2865 2177 2924 in

541 2957 672 2996 rem
713 2959 886 2998 suam
923 2936 1289 3015 collegisset,
1326 2959 1587 3017 suasque
1626 2940 1897 2998 rationes
1934 2950 2063 3000 tam
2106 2941 2179 3001 in

541 3017 817 3092 scriptis,
847 3037 1031 3096 quam
1057 3026 1343 3076 oretenus
1370 3037 1481 3093 per
1509 3037 1649 3077 suos
1676 3017 2037 3076 Defensores
2056 3061 2071 3092 ‚
2109 3028 2185 3078 et

538 3093 888 3154 Advocatos
937 3093 1122 3154 Nobis
1165 3095 1575 3170 exposuisset3
1636 3097 1756 3152 Nos
1794 3093 2045 3153 demum
2107 3095 2177 3154 in

535 3168 826 3244 praedicta
860 3169 1183 3244 Signatum
1222 3173 1447 3230 Gratiae
1488 3189 1697 3229 coram
1738 3169 1923 3230 Nobis
1957 3169 2177 3231 habita

537 3245 638 3302 die
677 3267 796 3304 xix.
837 3243 1022 3320 elapsi
1073 3249 1297 3306 mensis
1342 3246 1523 3314 sulii,
1579 3244 1803 3305 auditis
1856 3247 2177 3308 dictorum

535 3323 899 3381 vetantium
939 3320 1277 3400 suffragiis‚'
1307 3321 1713 3399 omnibusque
1742 3333 1985 3382 mature
2018 3345 2180 3400 pen-

538 3399 712 3472 satis,
741 3397 1121 3460 decrevimus
1142 3445 1160 3476 ,
1197 3412 1263 3462 et
1302 3399 1848 3482 pronunciavimus
1884 3421 1901 3460 z
1944 3399 2177 3460 Guber-
